1958 3308
208 206 230 243 8
495 203 751 249 ADDENDA
791 218 855 247 AD
895 201 1141 247 PALLAsn
1181 201 1583 247 ZOOGRAPHIAM.

854 371 995 416 rostri
1033 371 1202 416 baseos
1239 366 1318 430 4‘''.

544 466 659 511 tarsi
703 500 1198 510 ..........
1240 460 1353 523 7}'''.

544 558 682 618 digiti
721 557 863 603 medii
900 557 1003 602 sine
1041 571 1202 617 ungue
1241 553 1320 600 6⁸¹.

399 791 748 862 EMBERIZA
799 790 1423 838 MELANOCEPHALA.
1470 791 1681 854 Scopoli.

479 967 536 1013 E.
590 968 761 1013 subtus
812 967 960 1022 flava,
1013 967 1168 1013 cauda
1221 968 1356 1028 nigra
1406 967 1735 1023 immaculata,
1776 983 1872 1013 me-

587 1061 802 1107 sorhinio
839 1061 1043 1117 tumido,
1083 1061 1240 1123 capite
1278 1061 1424 1107 maris
1462 1068 1578 1107 atro.

347 1193 404 1239 In
450 1195 633 1256 campis
681 1196 1017 1242 ciscaucasicis
1070 1203 1118 1242 et
1175 1197 1223 1241 in
1268 1195 1476 1242 Caucasi
1524 1197 1872 1258 promontoriis

214 1287 438 1349 frequens
509 1288 625 1334 avis.
752 1288 809 1334 In
878 1290 1056 1350 plantis
1127 1289 1474 1336 excelsioribus
1545 1290 1686 1336 siccis
1759 1290 1874 1337 anni

215 1381 461 1442 praeteriti
500 1382 672 1428 sedens
712 1389 912 1429 cantum
950 1390 1289 1439 monotonum‚
1330 1383 1613 1430 Emberizae
1653 1385 1874 1430 aureolae

217 1476 442 1531 similem,
493 1483 728 1538 perpetuo
784 1476 982 1538 profert;
1033 1477 1230 1524 homine
1283 1478 1540 1524 accedente
1588 1478 1779 1524 turbata
1826 1478 1875 1523 in

217 1571 422 1616 alterum
475 1570 741 1632 virgultum
800 1571 982 1618 siccum
1037 1572 1305 1618 transvolat
1361 1579 1407 1618 ct
1467 1578 1661 1618 cantum
1718 1571 1876 1617 denuo

217 1664 400 1725 incipit.

217 1800 479 1861 Descriptio
535 1802 693 1847 maris.
791 1801 1021 1847 Rostrum
1078 1816 1294 1847 crassum
1351 1801 1593 1862 nigricans
1649 1807 1732 1847 aut
1776 1816 1876 1847 cor-

352 1895 431 1941 nei
473 1895 666 1950 coloriS,
710 1895 1005 1941 mesorhinio
1045 1895 1249 1941 tumido.
1323 1893 1484 1941 Pileus
1527 1903 1573 1941 et
1613 1895 1761 1941 latera
1799 1911 1876 1941 ca-

355 1989 469 2050 pitis
507 1989 743 2035 aterrima.
837 1989 1012 2034 Cervix
1052 1997 1098 2034 et
1140 1995 1244 2035 tota
1283 1989 1497 2035 aviculae
1533 2005 1644 2051 pars
1683 1988 1879 2035 inferior

354 2083 412 2129 ab
457 2083 670 2143 ingluvie
722 2083 781 2129 ad
827 2083 1032 2129 crissum
1080 2099 1229 2144 usque
1268 2083 1580 2129 flavissimae.
1665 2083 1877 2129 Dorsum

353 2175 922 2231 cinnamomeo-fulvum3
956 2177 1246 2238 uropygium
1281 2180 1434 2238 magis
1471 2177 1708 2223 flavescit.
1758 2177 1878 2222 Alae

354 2276 400 2316 et
456 2270 611 2316 cauda
665 2270 973 2331 nigricantes.
1059 2270 1210 2316 Pedes
1267 2286 1379 2317 cum
1434 2270 1676 2332 unguibus
1732 2270 1877 2332 palle-

355 2370 559 2410 scentes.

487 2498 677 2545 Marem
727 2499 958 2560 juvenem
1005 2499 1053 2545 in
1102 2501 1322 2547 Caucaso
1371 2501 1544 2553 occidi,
1597 2499 1806 2545 maxime
1853 2514 1881 2544 a

356 2593 510 2639 forma
552 2593 798 2654 primitiva
837 2594 1115 2649 distantem,
1157 2611 1316 2656 quem,
1359 2595 1397 2641 si
1437 2595 1486 2640 in
1522 2593 1698 2639 Museo
1736 2592 1880 2639 Bero-

356 2687 529 2732 linensi
588 2689 884 2749 exemplaria
939 2695 1294 2750 transgressum
1355 2689 1481 2734 inter
1529 2688 1651 2734 hanc
1700 2693 1746 2732 et
1800 2702 1882 2732 no-

356 2786 502 2826 stram
554 2780 813 2828 formantia
860 2798 958 2829 non
1008 2782 1253 2838 vidissem,
1303 2797 1390 2843 pro
1440 2781 1598 2843 specie
1647 2780 1879 2841 singulari

357 2873 620 2920 habuerim.
731 2874 886 2935 Supra
947 2875 1135 2921 avicula
1200 2874 1680 2934 fuscescentigrissia,
1743 2872 1881 2919 fusco
