1958 3308
222 229 267 266 18
502 221 756 268 ADDENDA
799 237 861 267 AD
903 221 1146 267 PALLAsn
1188 222 1590 268 ZOOGRAPHIAM.

524 388 659 449 digiti
698 389 841 435 medii
881 389 982 434 sine
1021 404 1181 450 ungue
1220 385 1283 448 6}

522 481 656 543 digiti
685 483 857 544 postici
890 483 991 528 sine
1019 498 1179 543 ungue
1218 480 1280 545 3}

914 659 1182 667 —--...-—-.-—

659 784 880 831 SILVIA
924 784 1203 831 NIsORIA
1221 784 1434 831 BECHs'r.

484 948 629 993 supra
681 933 886 988 cinerea,
945 933 1114 979 subtus
1176 932 1281 978 alba
1337 932 1528 977 cinereo
1585 930 1872 976 imbricatim

365 932 410 976 ss)

482 1027 755 1082 undulata,
824 1027 1106 1073 rectricibus
1171 1027 1398 1087 utrinque
1461 1024 1614 1070 tribus
1685 1025 1876 1071 extimis

486 1122 697 1183 margine
737 1122 925 1166 interno
964 1122 1057 1167 late
1099 1120 1236 1174 albis,
1277 1119 1429 1165 oculis
1469 1118 1764 1165 flavissimis.

364 1302 418 1348 In
478 1303 685 1348 arbustis
742 1302 986 1364 paludosis
1037 1317 1184 1363 prope
1234 1301 1393 1347 Casan
1442 1301 1740 1361 frequentem
1789 1300 1873 1346 ob-

216 1398 403 1442 servavi
459 1413 587 1443 anno
644 1404 836 1459 praeter
889 1398 1024 1459 lapso
1077 1396 1261 1459 (1834).
1355 1394 1427 1441 Ex
1478 1411 1573 1441 una
1620 1395 1876 1441 arbuscula

216 1492 265 1537 in
301 1493 498 1538 alteram
545 1493 812 1538 transvolat
857 1499 904 1538 et
942 1492 988 1537 in
1030 1507 1221 1538 summo
1266 1500 1399 1536 ramo
1437 1490 1637 1544 sedens,
1688 1497 1875 1551 praeter

217 1592 410 1632 cantum
462 1585 623 1631 Silviis
671 1586 934 1646 proprium,
987 1586 1242 1632 clamorem
1288 1584 1353 1629 illi
1408 1583 1615 1644 passeris
1658 1582 1766 1628 irati
1814 1582 1873 1628 si-

219 1681 374 1726 milem
425 1680 564 1727 tollit.
636 1680 842 1726 Victitat
879 1679 1091 1734 insectis,
1139 1678 1221 1725 sed
1270 1678 1527 1740 praecipue
1563 1691 1872 1739 permagnam

217 1775 405 1837 copiam
445 1774 654 1820 helicum
692 1775 989 1820 minutarum
1027 1773 1074 1818 in
1112 1773 1214 1833 ejus
1252 1772 1520 1818 ventriculo
1558 1771 1737 1817 inveni.

217 1985 495 2046 Descriptio.
568 1983 608 2029 E
674 1984 898 2029 maximis
961 1983 1108 2045 hujus
1168 1983 1371 2044 generis.
1469 1981 1626 2044 Supra
1696 1982 1872 2028 cinerei

350 2079 523 2126 coloris
579 2078 660 2140 qui
722 2078 966 2139 paululum
1027 2077 1291 2132 fuscescit;
1353 2077 1596 2138 plumulae
1651 2077 1873 2137 urop‘gii

349 2183 394 2220 et
445 2174 666 2220 tectrices
716 2177 896 2218 alarum
943 2172 1091 2219 fascia
1131 2172 1281 2234 apicis
1326 2171 1592 2234 nigricante
1637 2176 1867 2224 notatae,

350 2284 540 2315 summo
589 2267 724 2328 apice
767 2272 927 2313 autem
971 2266 1077 2312 albo
1121 2265 1420 2312 terminatae.
1518 2264 1700 2310 Subtus
1744 2263 1868 2317 alba,

349 2362 557 2409 fasciolis
605 2360 783 2407 crebris
832 2344 1091 2407 undulatis
1122 2359 1473 2421 nigricantibus
1523 2359 1600 2404 vel
1647 2357 1868 2413 cinereis,

348 2455 568 2503 Falconis
613 2454 703 2500 nisi
746 2454 914 2508 instar,
961 2454 1099 2515 gulae
1151 2460 1195 2499 et
1251 2452 1482 2514 ingluviei
1529 2450 1866 2504 crebrioribus,

349 2548 824 2611 hypochondriorum
874 2554 920 2593 et
972 2547 1106 2593 crissi
1155 2547 1419 2607 majoribus
1474 2551 1519 2591 et
1578 2544 1870 2605 squamatim

348 2643 632 2704 dispositis;
693 2648 861 2702 pectus
925 2640 1073 2701 magis
1121 2640 1332 2685 albescit.
1434 2638 1488 2684 In
1544 2637 1737 2698 juniore
1782 2653 1870 2684 ave

348 2737 573 2783 fasciolae
627 2736 840 2781 rariores
954 2734 1075 2780 Alae
1129 2733 1294 2779 fuscae
1347 2732 1507 2778 fasciis
1562 2731 1747 2777 duabus
1806 2731 1870 2776 al-

346 2831 421 2877 bis
470 2830 708 2890 obliquis,
759 2845 844 2890 per
885 2828 1066 2889 apicem
1112 2827 1361 2874 tectricum
1412 2826 1574 2874 album
1618 2824 1867 2878 formatis;

348 2939 506 2969 remex
551 2923 734 2983 primus
775 2923 989 2983 margine
1034 2928 1232 2968 externo
1276 2920 1558 2967 tenuissimo
1604 2918 1712 2965 albo
1738 2955 1748 2974 ,
1792 2933 1867 2963 ce-
