<?xml version="1.0" encoding="UTF-8"?>
<!DOCTYPE html PUBLIC "-//W3C//DTD XHTML 1.0 Transitional//EN"
    "http://www.w3.org/TR/xhtml1/DTD/xhtml1-transitional.dtd">
<html xmlns="http://www.w3.org/1999/xhtml" xml:lang="en" lang="en">
 <head>
  <title>
</title>
<meta http-equiv="Content-Type" content="text/html;charset=utf-8" />
  <meta name='ocr-system' content='tesseract 3.04.00' />
  <meta name='ocr-capabilities' content='ocr_page ocr_carea ocr_par ocr_line ocrx_word'/>
</head>
<body>
  <div class='ocr_page' id='page_1' title='image "./reprintofeversma00ever_0059.png"; bbox 0 0 1958 3308; ppageno 0'>
   <div class='ocr_carea' id='block_1_1' title="bbox 1692 231 1740 272">
    <p class='ocr_par' dir='ltr' id='par_1_1' title="bbox 1692 231 1740 272">
     <span class='ocr_line' id='line_1_1' title="bbox 1692 231 1740 272; baseline 0 0"><span class='ocrx_word' id='word_1_1' title='bbox 1692 231 1740 272; x_wconf 87' lang='grc' dir='ltr'>Ι3</span> 
     </span>
    </p>
   </div>
   <div class='ocr_carea' id='block_1_2' title="bbox 81 379 1739 1188">
    <p class='ocr_par' dir='ltr' id='par_1_2' title="bbox 81 379 1739 1188">
     <span class='ocr_line' id='line_1_2' title="bbox 84 379 1737 442; baseline -0.002 -13"><span class='ocrx_word' id='word_1_2' title='bbox 84 383 272 430; x_wconf 90' lang='lat' dir='ltr'>diversa</span> <span class='ocrx_word' id='word_1_3' title='bbox 291 382 507 429; x_wconf 88' lang='lat' dir='ltr'>est.-·S.</span> <span class='ocrx_word' id='word_1_4' title='bbox 527 381 829 429; x_wconf 90' lang='lat' dir='ltr'>coerulecula</span> <span class='ocrx_word' id='word_1_5' title='bbox 844 381 979 436; x_wconf 88' lang='lat' dir='ltr'>Pall.‚</span> <span class='ocrx_word' id='word_1_6' title='bbox 999 395 1119 442; x_wconf 88' lang='lat' dir='ltr'>quae</span> <span class='ocrx_word' id='word_1_7' title='bbox 1139 380 1189 426; x_wconf 91' lang='lat' dir='ltr'>in</span> <span class='ocrx_word' id='word_1_8' title='bbox 1207 379 1458 442; x_wconf 88' lang='lat' dir='ltr'>provincia</span> <span class='ocrx_word' id='word_1_9' title='bbox 1474 379 1737 426; x_wconf 85' lang='lat' dir='ltr'>Casanensi</span> 
     </span>
     <span class='ocr_line' id='line_1_3' title="bbox 83 473 1737 538; baseline -0.002 -15"><span class='ocrx_word' id='word_1_10' title='bbox 83 482 130 523; x_wconf 88' lang='lat' dir='ltr'>et</span> <span class='ocrx_word' id='word_1_11' title='bbox 156 476 517 538; x_wconf 89' lang='lat' dir='ltr'>Orenburgensi</span> <span class='ocrx_word' id='word_1_12' title='bbox 543 476 720 537; x_wconf 90' lang='lat' dir='ltr'>ubique</span> <span class='ocrx_word' id='word_1_13' title='bbox 755 474 982 528; x_wconf 82' lang='lat' dir='ltr'>abundat,</span> <span class='ocrx_word' id='word_1_14' title='bbox 1009 480 1177 535; x_wconf 88' lang='lat' dir='ltr'>guttur</span> <span class='ocrx_word' id='word_1_15' title='bbox 1206 473 1348 519; x_wconf 90' lang='lat' dir='ltr'>habet</span> <span class='ocrx_word' id='word_1_16' title='bbox 1383 479 1541 519; x_wconf 87' lang='lat' dir='ltr'>toturn</span> <span class='ocrx_word' id='word_1_17' title='bbox 1571 489 1737 520; x_wconf 88' lang='lat' dir='ltr'>coeru-</span> 
     </span>
     <span class='ocr_line' id='line_1_4' title="bbox 83 566 1739 630; baseline -0.002 -15"><span class='ocrx_word' id='word_1_18' title='bbox 83 569 230 625; x_wconf 90' lang='lat' dir='ltr'>leum,</span> <span class='ocrx_word' id='word_1_19' title='bbox 270 585 296 615; x_wconf 89' lang='lat' dir='ltr'>a</span> <span class='ocrx_word' id='word_1_20' title='bbox 331 574 525 630; x_wconf 81' lang='lat' dir='ltr'>pectore</span> <span class='ocrx_word' id='word_1_21' title='bbox 566 568 796 630; x_wconf 80' lang='lat' dir='ltr'>plumulis</span> <span class='ocrx_word' id='word_1_22' title='bbox 833 567 981 628; x_wconf 88' lang='lat' dir='ltr'>nigris</span> <span class='ocrx_word' id='word_1_23' title='bbox 1018 574 1310 628; x_wconf 86' lang='lat' dir='ltr'>separatum,</span> <span class='ocrx_word' id='word_1_24' title='bbox 1349 566 1399 612; x_wconf 91' lang='lat' dir='ltr'>in</span> <span class='ocrx_word' id='word_1_25' title='bbox 1438 566 1597 612; x_wconf 89' lang='lat' dir='ltr'>medio</span> <span class='ocrx_word' id='word_1_26' title='bbox 1630 581 1739 612; x_wconf 88' lang='lat' dir='ltr'>area</span> 
     </span>
     <span class='ocr_line' id='line_1_5' title="bbox 83 659 1736 722; baseline -0.002 -14"><span class='ocrx_word' id='word_1_27' title='bbox 83 669 355 708; x_wconf 81' lang='lat' dir='ltr'>transversa</span> <span class='ocrx_word' id='word_1_28' title='bbox 371 662 641 722; x_wconf 88' lang='lat' dir='ltr'>ferruginea</span> <span class='ocrx_word' id='word_1_29' title='bbox 661 667 899 707; x_wconf 89' lang='lat' dir='ltr'>ornatum.</span> <span class='ocrx_word' id='word_1_30' title='bbox 950 660 1006 705; x_wconf 89' lang='lat' dir='ltr'>In</span> <span class='ocrx_word' id='word_1_31' title='bbox 1024 659 1069 705; x_wconf 83' lang='lat' dir='ltr'>S.</span> <span class='ocrx_word' id='word_1_32' title='bbox 1090 660 1393 706; x_wconf 88' lang='lat' dir='ltr'>coerulecula</span> <span class='ocrx_word' id='word_1_33' title='bbox 1411 675 1507 705; x_wconf 89' lang='lat' dir='ltr'>var.</span> <span class='ocrx_word' id='word_1_34' title='bbox 1523 659 1591 718; x_wconf 82' lang='grc' dir='ltr'>β.,</span> <span class='ocrx_word' id='word_1_35' title='bbox 1614 675 1736 721; x_wconf 90' lang='lat' dir='ltr'>quae</span> 
     </span>
     <span class='ocr_line' id='line_1_6' title="bbox 84 753 1737 815; baseline -0.001 -15"><span class='ocrx_word' id='word_1_36' title='bbox 84 755 305 801; x_wconf 86' lang='lat' dir='ltr'>Sibiriam</span> <span class='ocrx_word' id='word_1_37' title='bbox 346 755 628 800; x_wconf 76' lang='lat' dir='ltr'>orientalem</span> <span class='ocrx_word' id='word_1_38' title='bbox 669 754 925 809; x_wconf 75' lang='lat' dir='ltr'><strong>inhabitat,</strong></span> <span class='ocrx_word' id='word_1_39' title='bbox 964 760 1130 815; x_wconf 82' lang='lat' dir='ltr'>guttur</span> <span class='ocrx_word' id='word_1_40' title='bbox 1168 753 1520 814; x_wconf 86' lang='lat' dir='ltr'>ferruginosum</span> <span class='ocrx_word' id='word_1_41' title='bbox 1561 761 1651 808; x_wconf 90' lang='lat' dir='ltr'>est,</span> <span class='ocrx_word' id='word_1_42' title='bbox 1691 759 1737 799; x_wconf 91' lang='lat' dir='ltr'>et</span> 
     </span>
     <span class='ocr_line' id='line_1_7' title="bbox 82 847 1733 909; baseline -0.001 -15"><span class='ocrx_word' id='word_1_43' title='bbox 82 848 229 894; x_wconf 77' lang='lat' dir='ltr'>fascIa</span> <span class='ocrx_word' id='word_1_44' title='bbox 245 855 627 903; x_wconf 88' lang='lat' dir='ltr'>transversa,seu</span> <span class='ocrx_word' id='word_1_45' title='bbox 645 847 948 893; x_wconf 84' lang='lat' dir='ltr'>semicirculo</span> <span class='ocrx_word' id='word_1_46' title='bbox 965 862 1148 908; x_wconf 90' lang='lat' dir='ltr'>cyaneo</span> <span class='ocrx_word' id='word_1_47' title='bbox 1164 863 1190 893; x_wconf 89' lang='lat' dir='ltr'>a</span> <span class='ocrx_word' id='word_1_48' title='bbox 1207 853 1398 909; x_wconf 84' lang='lat' dir='ltr'>pectore</span> <span class='ocrx_word' id='word_1_49' title='bbox 1413 854 1733 908; x_wconf 87' lang='lat' dir='ltr'>separatur.—</span> 
     </span>
     <span class='ocr_line' id='line_1_8' title="bbox 81 938 1735 1000; baseline 0 -16"><span class='ocrx_word' id='word_1_50' title='bbox 81 938 138 984; x_wconf 94' lang='lat' dir='ltr'>In</span> <span class='ocrx_word' id='word_1_51' title='bbox 165 939 334 985; x_wconf 90' lang='lat' dir='ltr'>avibus</span> <span class='ocrx_word' id='word_1_52' title='bbox 352 938 619 985; x_wconf 79' lang='lat' dir='ltr'>hornotinis</span> <span class='ocrx_word' id='word_1_53' title='bbox 636 938 880 1000; x_wconf 84' lang='lat' dir='ltr'>plumulae</span> <span class='ocrx_word' id='word_1_54' title='bbox 907 938 1093 1000; x_wconf 87' lang='lat' dir='ltr'>capitis,</span> <span class='ocrx_word' id='word_1_55' title='bbox 1113 938 1312 984; x_wconf 81' lang='lat' dir='ltr'>cervicis</span> <span class='ocrx_word' id='word_1_56' title='bbox 1339 945 1384 984; x_wconf 91' lang='lat' dir='ltr'>et</span> <span class='ocrx_word' id='word_1_57' title='bbox 1405 938 1735 1000; x_wconf 88' lang='lat' dir='ltr'>interscapulii</span> 
     </span>
     <span class='ocr_line' id='line_1_9' title="bbox 85 1031 1737 1094; baseline 0 -15"><span class='ocrx_word' id='word_1_58' title='bbox 85 1033 264 1094; x_wconf 84' lang='lat' dir='ltr'>nigrae,</span> <span class='ocrx_word' id='word_1_59' title='bbox 291 1032 493 1079; x_wconf 89' lang='lat' dir='ltr'>maculis</span> <span class='ocrx_word' id='word_1_60' title='bbox 520 1032 730 1094; x_wconf 88' lang='lat' dir='ltr'>scapinis</span> <span class='ocrx_word' id='word_1_61' title='bbox 756 1031 876 1078; x_wconf 90' lang='lat' dir='ltr'>albis</span> <span class='ocrx_word' id='word_1_62' title='bbox 902 1038 1150 1092; x_wconf 82' lang='lat' dir='ltr'>guttatae3</span> <span class='ocrx_word' id='word_1_63' title='bbox 1186 1032 1430 1093; x_wconf 85' lang='lat' dir='ltr'>plumulae</span> <span class='ocrx_word' id='word_1_64' title='bbox 1456 1032 1664 1092; x_wconf 90' lang='lat' dir='ltr'>gutturis</span> <span class='ocrx_word' id='word_1_65' title='bbox 1690 1039 1737 1079; x_wconf 91' lang='lat' dir='ltr'>et</span> 
     </span>
     <span class='ocr_line' id='line_1_10' title="bbox 82 1124 1731 1188; baseline -0.001 -16"><span class='ocrx_word' id='word_1_66' title='bbox 82 1126 289 1188; x_wconf 85' lang='lat' dir='ltr'>pectoris</span> <span class='ocrx_word' id='word_1_67' title='bbox 315 1125 952 1188; x_wconf 87' lang='lat' dir='ltr'>albae,nigro-marginatae;</span> <span class='ocrx_word' id='word_1_68' title='bbox 980 1124 1127 1172; x_wconf 86' lang='lat' dir='ltr'>fascia</span> <span class='ocrx_word' id='word_1_69' title='bbox 1155 1125 1362 1186; x_wconf 88' lang='lat' dir='ltr'>gutturis</span> <span class='ocrx_word' id='word_1_70' title='bbox 1387 1141 1568 1187; x_wconf 88' lang='lat' dir='ltr'>cyanea</span> <span class='ocrx_word' id='word_1_71' title='bbox 1588 1127 1731 1172; x_wconf 89' lang='lat' dir='ltr'>nulla.</span> 
     </span>
    </p>
   </div>
   <div class='ocr_carea' id='block_1_3' title="bbox 82 1218 1636 1282">
    <p class='ocr_par' dir='ltr' id='par_1_3' title="bbox 82 1218 1636 1282">
     <span class='ocr_line' id='line_1_11' title="bbox 82 1218 1636 1282; baseline -0.002 -15"><span class='ocrx_word' id='word_1_72' title='bbox 82 1219 326 1274; x_wconf 85' lang='lat' dir='ltr'>—Quoad</span> <span class='ocrx_word' id='word_1_73' title='bbox 349 1219 728 1282; x_wconf 85' lang='lat' dir='ltr'>magnitudinem</span> <span class='ocrx_word' id='word_1_74' title='bbox 750 1219 977 1266; x_wconf 88' lang='lat' dir='ltr'>convenit</span> <span class='ocrx_word' id='word_1_75' title='bbox 997 1235 1107 1266; x_wconf 90' lang='lat' dir='ltr'>cum</span> <span class='ocrx_word' id='word_1_76' title='bbox 1129 1218 1175 1266; x_wconf 87' lang='lat' dir='ltr'>S.</span> <span class='ocrx_word' id='word_1_77' title='bbox 1198 1219 1500 1266; x_wconf 89' lang='lat' dir='ltr'>coerulecula</span> <span class='ocrx_word' id='word_1_78' title='bbox 1519 1218 1636 1264; x_wconf 90' lang='lat' dir='ltr'>Pall.</span> 
     </span>
    </p>
   </div>
   <div class='ocr_carea' id='block_1_4' title="bbox 454 1507 1377 1705">
    <p class='ocr_par' dir='ltr' id='par_1_4' title="bbox 454 1507 1377 1705">
     <span class='ocr_line' id='line_1_12' title="bbox 454 1507 1377 1557; baseline -0.001 -1"><span class='ocrx_word' id='word_1_79' title='bbox 454 1511 675 1556; x_wconf 76' lang='lat' dir='ltr'><em>TETRA</em></span> <span class='ocrx_word' id='word_1_80' title='bbox 688 1510 726 1556; x_wconf 95' lang='lat' dir='ltr'><strong>O</strong></span> <span class='ocrx_word' id='word_1_81' title='bbox 767 1508 850 1557; x_wconf 79' lang='lat' dir='ltr'>CA</span> <span class='ocrx_word' id='word_1_82' title='bbox 871 1507 1000 1556; x_wconf 79' lang='lat' dir='ltr'>UCA</span> <span class='ocrx_word' id='word_1_83' title='bbox 1010 1509 1125 1557; x_wconf 73' lang='lat' dir='ltr'>SIC</span> <span class='ocrx_word' id='word_1_84' title='bbox 1135 1510 1217 1557; x_wconf 76' lang='lat' dir='ltr'>US</span> <span class='ocrx_word' id='word_1_85' title='bbox 1252 1511 1377 1556; x_wconf 74' lang='lat' dir='ltr'>Pan.</span> 
     </span>
     <span class='ocr_line' id='line_1_13' title="bbox 608 1651 1211 1705; baseline 0 -8"><span class='ocrx_word' id='word_1_86' title='bbox 608 1651 818 1705; x_wconf 68' lang='lat' dir='ltr'>(Perdix</span> <span class='ocrx_word' id='word_1_87' title='bbox 843 1652 1014 1698; x_wconf 78' lang='lat' dir='ltr'>altaica</span> <span class='ocrx_word' id='word_1_88' title='bbox 1045 1651 1211 1704; x_wconf 57' lang='lat' dir='ltr'>Gelam</span> 
     </span>
    </p>
   </div>
   <div class='ocr_carea' id='block_1_5' title="bbox 82 1790 1739 2890">
    <p class='ocr_par' dir='ltr' id='par_1_5' title="bbox 82 1790 1739 2890">
     <span class='ocr_line' id='line_1_14' title="bbox 215 1790 1737 1850; baseline 0.003 -14"><span class='ocrx_word' id='word_1_89' title='bbox 215 1791 375 1837; x_wconf 88' lang='lat' dir='ltr'>Multa</span> <span class='ocrx_word' id='word_1_90' title='bbox 416 1790 731 1837; x_wconf 86' lang='lat' dir='ltr'>admiratione</span> <span class='ocrx_word' id='word_1_91' title='bbox 776 1791 961 1837; x_wconf 82' lang='lat' dir='ltr'>defixus</span> <span class='ocrx_word' id='word_1_92' title='bbox 1005 1791 1129 1838; x_wconf 90' lang='lat' dir='ltr'>inter</span> <span class='ocrx_word' id='word_1_93' title='bbox 1172 1799 1361 1839; x_wconf 88' lang='lat' dir='ltr'>caetera</span> <span class='ocrx_word' id='word_1_94' title='bbox 1403 1794 1643 1850; x_wconf 85' lang='lat' dir='ltr'>animalia,</span> <span class='ocrx_word' id='word_1_95' title='bbox 1689 1795 1737 1841; x_wconf 86' lang='lat' dir='ltr'>in</span> 
     </span>
     <span class='ocr_line' id='line_1_15' title="bbox 83 1884 1737 1940; baseline 0.004 -11"><span class='ocrx_word' id='word_1_96' title='bbox 83 1885 329 1931; x_wconf 86' lang='lat' dir='ltr'>montibus</span> <span class='ocrx_word' id='word_1_97' title='bbox 369 1884 553 1931; x_wconf 90' lang='lat' dir='ltr'>altaicis</span> <span class='ocrx_word' id='word_1_98' title='bbox 593 1885 810 1940; x_wconf 89' lang='lat' dir='ltr'>collecta,</span> <span class='ocrx_word' id='word_1_99' title='bbox 851 1885 1139 1932; x_wconf 87' lang='lat' dir='ltr'>Tetraonem</span> <span class='ocrx_word' id='word_1_100' title='bbox 1179 1887 1484 1934; x_wconf 83' lang='lat' dir='ltr'>caucasicum</span> <span class='ocrx_word' id='word_1_101' title='bbox 1516 1888 1630 1935; x_wconf 89' lang='lat' dir='ltr'>Pall.</span> <span class='ocrx_word' id='word_1_102' title='bbox 1668 1890 1737 1935; x_wconf 85' lang='lat' dir='ltr'>in·</span> 
     </span>
     <span class='ocr_line' id='line_1_16' title="bbox 83 1978 1735 2044; baseline 0.004 -21"><span class='ocrx_word' id='word_1_103' title='bbox 83 1979 208 2025; x_wconf 89' lang='lat' dir='ltr'>veni.</span> <span class='ocrx_word' id='word_1_104' title='bbox 277 1978 389 2024; x_wconf 88' lang='lat' dir='ltr'>Tria</span> <span class='ocrx_word' id='word_1_105' title='bbox 421 1979 710 2040; x_wconf 86' lang='lat' dir='ltr'>exemplaria</span> <span class='ocrx_word' id='word_1_106' title='bbox 742 1978 954 2025; x_wconf 84' lang='lat' dir='ltr'>indidem</span> <span class='ocrx_word' id='word_1_107' title='bbox 982 1980 1162 2042; x_wconf 87' lang='lat' dir='ltr'>accepi,</span> <span class='ocrx_word' id='word_1_108' title='bbox 1191 1997 1312 2042; x_wconf 89' lang='lat' dir='ltr'>quae</span> <span class='ocrx_word' id='word_1_109' title='bbox 1340 1981 1466 2028; x_wconf 85' lang='lat' dir='ltr'>inter</span> <span class='ocrx_word' id='word_1_110' title='bbox 1491 1998 1541 2028; x_wconf 87' lang='lat' dir='ltr'>se</span> <span class='ocrx_word' id='word_1_111' title='bbox 1567 1984 1735 2044; x_wconf 80' lang='lat' dir='ltr'>paulu-</span> 
     </span>
     <span class='ocr_line' id='line_1_17' title="bbox 86 2072 1739 2134; baseline 0.004 -17"><span class='ocrx_word' id='word_1_112' title='bbox 86 2073 183 2118; x_wconf 88' lang='lat' dir='ltr'>lum</span> <span class='ocrx_word' id='word_1_113' title='bbox 233 2072 476 2127; x_wconf 81' lang='lat' dir='ltr'>differunt,</span> <span class='ocrx_word' id='word_1_114' title='bbox 528 2072 628 2126; x_wconf 90' lang='lat' dir='ltr'>sed,</span> <span class='ocrx_word' id='word_1_115' title='bbox 678 2088 765 2134; x_wconf 91' lang='lat' dir='ltr'>pro</span> <span class='ocrx_word' id='word_1_116' title='bbox 813 2073 981 2119; x_wconf 86' lang='lat' dir='ltr'>dolor!</span> <span class='ocrx_word' id='word_1_117' title='bbox 1032 2075 1214 2130; x_wconf 90' lang='lat' dir='ltr'>omnia,</span> <span class='ocrx_word' id='word_1_118' title='bbox 1266 2082 1318 2121; x_wconf 93' lang='lat' dir='ltr'>ut</span> <span class='ocrx_word' id='word_1_119' title='bbox 1367 2076 1575 2130; x_wconf 85' lang='lat' dir='ltr'>videtur,</span> <span class='ocrx_word' id='word_1_120' title='bbox 1627 2084 1739 2123; x_wconf 90' lang='lat' dir='ltr'>sunt</span> 
     </span>
     <span class='ocr_line' id='line_1_18' title="bbox 82 2171 1739 2236; baseline 0.003 -19"><span class='ocrx_word' id='word_1_121' title='bbox 82 2171 305 2227; x_wconf 85' lang='lat' dir='ltr'>feminae,</span> <span class='ocrx_word' id='word_1_122' title='bbox 341 2171 568 2232; x_wconf 81' lang='lat' dir='ltr'>quoniam</span> <span class='ocrx_word' id='word_1_123' title='bbox 604 2172 776 2218; x_wconf 86' lang='lat' dir='ltr'>calcari</span> <span class='ocrx_word' id='word_1_124' title='bbox 815 2180 997 2228; x_wconf 87' lang='lat' dir='ltr'>carent,</span> <span class='ocrx_word' id='word_1_125' title='bbox 1038 2190 1331 2235; x_wconf 87' lang='lat' dir='ltr'>quamquam</span> <span class='ocrx_word' id='word_1_126' title='bbox 1370 2174 1529 2230; x_wconf 77' lang='lat' dir='ltr'>hoino,</span> <span class='ocrx_word' id='word_1_127' title='bbox 1565 2176 1647 2236; x_wconf 87' lang='lat' dir='ltr'>qui</span> <span class='ocrx_word' id='word_1_128' title='bbox 1683 2192 1739 2222; x_wconf 88' lang='lat' dir='ltr'>ea</span> 
     </span>
     <span class='ocr_line' id='line_1_19' title="bbox 82 2265 1736 2320; baseline 0.003 -10"><span class='ocrx_word' id='word_1_129' title='bbox 82 2266 242 2311; x_wconf 85' lang='lat' dir='ltr'>occisa</span> <span class='ocrx_word' id='word_1_130' title='bbox 282 2265 430 2320; x_wconf 87' lang='lat' dir='ltr'>misit,</span> <span class='ocrx_word' id='word_1_131' title='bbox 474 2281 617 2311; x_wconf 87' lang='lat' dir='ltr'>unam</span> <span class='ocrx_word' id='word_1_132' title='bbox 661 2281 823 2311; x_wconf 86' lang='lat' dir='ltr'>eorum</span> <span class='ocrx_word' id='word_1_133' title='bbox 868 2266 1098 2313; x_wconf 86' lang='lat' dir='ltr'>feminam</span> <span class='ocrx_word' id='word_1_134' title='bbox 1141 2283 1245 2314; x_wconf 87' lang='lat' dir='ltr'>esse</span> <span class='ocrx_word' id='word_1_135' title='bbox 1287 2268 1736 2315; x_wconf 88' lang='lat' dir='ltr'>affirmat.—-Cum</span> 
     </span>
     <span class='ocr_line' id='line_1_20' title="bbox 86 2359 1737 2423; baseline 0.002 -18"><span class='ocrx_word' id='word_1_136' title='bbox 86 2359 204 2414; x_wconf 88' lang='lat' dir='ltr'>avis,</span> <span class='ocrx_word' id='word_1_137' title='bbox 249 2359 308 2404; x_wconf 87' lang='lat' dir='ltr'>de</span> <span class='ocrx_word' id='word_1_138' title='bbox 356 2374 450 2420; x_wconf 91' lang='lat' dir='ltr'>qua</span> <span class='ocrx_word' id='word_1_139' title='bbox 493 2360 680 2420; x_wconf 85' lang='lat' dir='ltr'>agitur,</span> <span class='ocrx_word' id='word_1_140' title='bbox 731 2360 789 2405; x_wconf 86' lang='lat' dir='ltr'>ad</span> <span class='ocrx_word' id='word_1_141' title='bbox 830 2368 1022 2422; x_wconf 88' lang='lat' dir='ltr'>tempus</span> <span class='ocrx_word' id='word_1_142' title='bbox 1066 2378 1234 2423; x_wconf 89' lang='lat' dir='ltr'>parum</span> <span class='ocrx_word' id='word_1_143' title='bbox 1284 2369 1398 2408; x_wconf 89' lang='lat' dir='ltr'>nota</span> <span class='ocrx_word' id='word_1_144' title='bbox 1440 2363 1531 2418; x_wconf 90' lang='lat' dir='ltr'>sit,</span> <span class='ocrx_word' id='word_1_145' title='bbox 1579 2378 1737 2409; x_wconf 88' lang='lat' dir='ltr'>exem-</span> 
     </span>
     <span class='ocr_line' id='line_1_21' title="bbox 85 2452 1735 2517; baseline 0.002 -20"><span class='ocrx_word' id='word_1_146' title='bbox 85 2452 289 2513; x_wconf 85' lang='lat' dir='ltr'>plarium</span> <span class='ocrx_word' id='word_1_147' title='bbox 324 2467 541 2498; x_wconf 89' lang='lat' dir='ltr'>meorum</span> <span class='ocrx_word' id='word_1_148' title='bbox 577 2452 948 2514; x_wconf 87' lang='lat' dir='ltr'>descriptionem</span> <span class='ocrx_word' id='word_1_149' title='bbox 978 2470 1072 2500; x_wconf 89' lang='lat' dir='ltr'>non</span> <span class='ocrx_word' id='word_1_150' title='bbox 1100 2456 1354 2516; x_wconf 81' lang='lat' dir='ltr'>negligam,</span> <span class='ocrx_word' id='word_1_151' title='bbox 1382 2470 1532 2517; x_wconf 88' lang='lat' dir='ltr'>eoque</span> <span class='ocrx_word' id='word_1_152' title='bbox 1559 2456 1735 2511; x_wconf 88' lang='lat' dir='ltr'>minus,</span> 
     </span>
     <span class='ocr_line' id='line_1_22' title="bbox 87 2545 1737 2611; baseline 0.003 -21"><span class='ocrx_word' id='word_1_153' title='bbox 87 2562 197 2591; x_wconf 87' lang='lat' dir='ltr'>cum</span> <span class='ocrx_word' id='word_1_154' title='bbox 240 2561 335 2591; x_wconf 91' lang='lat' dir='ltr'>non</span> <span class='ocrx_word' id='word_1_155' title='bbox 369 2545 519 2592; x_wconf 84' lang='lat' dir='ltr'>solum</span> <span class='ocrx_word' id='word_1_156' title='bbox 557 2546 682 2592; x_wconf 88' lang='lat' dir='ltr'>inter</span> <span class='ocrx_word' id='word_1_157' title='bbox 715 2562 765 2593; x_wconf 93' lang='lat' dir='ltr'>se</span> <span class='ocrx_word' id='word_1_158' title='bbox 802 2547 1040 2603; x_wconf 55' lang='lat' dir='ltr'>difflarant,</span> <span class='ocrx_word' id='word_1_159' title='bbox 1077 2549 1157 2594; x_wconf 87' lang='lat' dir='ltr'>sed</span> <span class='ocrx_word' id='word_1_160' title='bbox 1196 2549 1340 2594; x_wconf 89' lang='lat' dir='ltr'>etiam</span> <span class='ocrx_word' id='word_1_161' title='bbox 1382 2548 1439 2594; x_wconf 91' lang='lat' dir='ltr'>de</span> <span class='ocrx_word' id='word_1_162' title='bbox 1477 2550 1737 2611; x_wconf 86' lang='lat' dir='ltr'>exemplari</span> 
     </span>
     <span class='ocr_line' id='line_1_23' title="bbox 86 2639 1739 2705; baseline 0.003 -22"><span class='ocrx_word' id='word_1_163' title='bbox 86 2640 213 2700; x_wconf 88' lang='lat' dir='ltr'>quod</span> <span class='ocrx_word' id='word_1_164' title='bbox 261 2640 481 2685; x_wconf 86' lang='lat' dir='ltr'>celeberr.</span> <span class='ocrx_word' id='word_1_165' title='bbox 532 2639 686 2686; x_wconf 89' lang='lat' dir='ltr'>Pallas</span> <span class='ocrx_word' id='word_1_166' title='bbox 743 2640 1027 2702; x_wconf 80' lang='lat' dir='ltr'>descripsit,</span> <span class='ocrx_word' id='word_1_167' title='bbox 1085 2657 1172 2687; x_wconf 90' lang='lat' dir='ltr'>nec</span> <span class='ocrx_word' id='word_1_168' title='bbox 1227 2657 1323 2687; x_wconf 92' lang='lat' dir='ltr'>non</span> <span class='ocrx_word' id='word_1_169' title='bbox 1372 2642 1429 2688; x_wconf 91' lang='lat' dir='ltr'>de</span> <span class='ocrx_word' id='word_1_170' title='bbox 1476 2658 1562 2698; x_wconf 86' lang='lat' dir='ltr'>eo,</span> <span class='ocrx_word' id='word_1_171' title='bbox 1612 2644 1739 2705; x_wconf 88' lang='lat' dir='ltr'>quod</span> 
     </span>
     <span class='ocr_line' id='line_1_24' title="bbox 90 2731 1738 2795; baseline 0.004 -18"><span class='ocrx_word' id='word_1_172' title='bbox 90 2733 217 2793; x_wconf 89' lang='lat' dir='ltr'>apud</span> <span class='ocrx_word' id='word_1_173' title='bbox 244 2731 386 2778; x_wconf 48' lang='lat' dir='ltr'>Dom,</span> <span class='ocrx_word' id='word_1_174' title='bbox 416 2733 778 2795; x_wconf 84' lang='lat' dir='ltr'>Moltschulsky</span> <span class='ocrx_word' id='word_1_175' title='bbox 806 2735 902 2780; x_wconf 88' lang='lat' dir='ltr'>vidi</span> <span class='ocrx_word' id='word_1_176' title='bbox 928 2741 975 2780; x_wconf 89' lang='lat' dir='ltr'>et</span> <span class='ocrx_word' id='word_1_177' title='bbox 1000 2735 1048 2779; x_wconf 91' lang='lat' dir='ltr'>in</span> <span class='ocrx_word' id='word_1_178' title='bbox 1075 2734 1285 2781; x_wconf 89' lang='lat' dir='ltr'>Bulletin</span> <span class='ocrx_word' id='word_1_179' title='bbox 1307 2735 1389 2781; x_wconf 90' lang='lat' dir='ltr'>des</span> <span class='ocrx_word' id='word_1_180' title='bbox 1411 2735 1738 2784; x_wconf 84' lang='lat' dir='ltr'>Naturalistes</span> 
     </span>
     <span class='ocr_line' id='line_1_25' title="bbox 88 2825 1738 2890; baseline 0.004 -19"><span class='ocrx_word' id='word_1_181' title='bbox 88 2825 144 2871; x_wconf 90' lang='lat' dir='ltr'>de</span> <span class='ocrx_word' id='word_1_182' title='bbox 179 2826 385 2872; x_wconf 83' lang='lat' dir='ltr'>Moscou</span> <span class='ocrx_word' id='word_1_183' title='bbox 429 2830 553 2890; x_wconf 82' lang='lat'>1839</span> <span class='ocrx_word' id='word_1_184' title='bbox 587 2827 653 2872; x_wconf 83' lang='grc' dir='ltr'>ΝΟ</span> <span class='ocrx_word' id='word_1_185' title='bbox 684 2842 700 2874; x_wconf 91' lang='lat'>1</span> <span class='ocrx_word' id='word_1_186' title='bbox 747 2828 1038 2874; x_wconf 81' lang='lat' dir='ltr'>delineatum</span> <span class='ocrx_word' id='word_1_187' title='bbox 1073 2829 1368 2876; x_wconf 86' lang='lat' dir='ltr'>est.-Duo</span> <span class='ocrx_word' id='word_1_188' title='bbox 1406 2846 1617 2877; x_wconf 86' lang='lat' dir='ltr'>meorum</span> <span class='ocrx_word' id='word_1_189' title='bbox 1659 2846 1738 2877; x_wconf 73' lang='lat' dir='ltr'>ex-</span> 
     </span>
    </p>
   </div>
   <div class='ocr_carea' id='block_1_6' title="bbox 89 2920 1737 2981">
    <p class='ocr_par' dir='ltr' id='par_1_6' title="bbox 89 2920 1737 2981">
     <span class='ocr_line' id='line_1_26' title="bbox 89 2920 1737 2981; baseline 0.004 -17"><span class='ocrx_word' id='word_1_190' title='bbox 89 2920 334 2979; x_wconf 60' lang='lat' dir='ltr'>en‘iplaria,</span> <span class='ocrx_word' id='word_1_191' title='bbox 359 2937 478 2981; x_wconf 81' lang='lat' dir='ltr'>quae</span> <span class='ocrx_word' id='word_1_192' title='bbox 501 2937 608 2968; x_wconf 85' lang='lat' dir='ltr'>vere</span> <span class='ocrx_word' id='word_1_193' title='bbox 636 2921 793 2968; x_wconf 81' lang='lat' dir='ltr'>occisa</span> <span class='ocrx_word' id='word_1_194' title='bbox 820 2928 948 2978; x_wconf 77' lang='lat' dir='ltr'>sunt,</span> <span class='ocrx_word' id='word_1_195' title='bbox 973 2922 1096 2969; x_wconf 83' lang='lat' dir='ltr'>inter</span> <span class='ocrx_word' id='word_1_196' title='bbox 1123 2939 1171 2968; x_wconf 91' lang='lat' dir='ltr'>se</span> <span class='ocrx_word' id='word_1_197' title='bbox 1199 2931 1417 2970; x_wconf 83' lang='lat' dir='ltr'>accurate</span> <span class='ocrx_word' id='word_1_198' title='bbox 1444 2926 1737 2971; x_wconf 74' lang='lat' dir='ltr'>conveniunt</span> 
     </span>
    </p>
   </div>
  </div>
 </body>
</html>
