<?xml version="1.0" encoding="UTF-8"?>
<!DOCTYPE html PUBLIC "-//W3C//DTD XHTML 1.0 Transitional//EN"
    "http://www.w3.org/TR/xhtml1/DTD/xhtml1-transitional.dtd">
<html xmlns="http://www.w3.org/1999/xhtml" xml:lang="en" lang="en">
 <head>
  <title>
</title>
<meta http-equiv="Content-Type" content="text/html;charset=utf-8" />
  <meta name='ocr-system' content='tesseract 3.04.00' />
  <meta name='ocr-capabilities' content='ocr_page ocr_carea ocr_par ocr_line ocrx_word'/>
</head>
<body>
  <div class='ocr_page' id='page_1' title='image "./reprintofeversma00ever_0040.png"; bbox 0 0 1958 3308; ppageno 0'>
   <div class='ocr_carea' id='block_1_1' title="bbox 213 210 1587 257">
    <p class='ocr_par' dir='ltr' id='par_1_1' title="bbox 213 210 1587 257">
     <span class='ocr_line' id='line_1_1' title="bbox 213 210 1587 257; baseline 0 0"><span class='ocrx_word' id='word_1_1' title='bbox 213 217 264 257; x_wconf 81' lang='lat'>26</span> <span class='ocrx_word' id='word_1_2' title='bbox 500 211 754 256; x_wconf 72' lang='lat' dir='ltr'><strong>ADDENDA</strong></span> <span class='ocrx_word' id='word_1_3' title='bbox 796 226 859 256; x_wconf 88' lang='lat' dir='ltr'>AD</span> <span class='ocrx_word' id='word_1_4' title='bbox 900 210 1144 257; x_wconf 70' lang='lat' dir='ltr'>PALLAsu</span> <span class='ocrx_word' id='word_1_5' title='bbox 1186 211 1587 257; x_wconf 71' lang='lat' dir='ltr'>ZooGRAPfflAM.</span> 
     </span>
    </p>
   </div>
   <div class='ocr_carea' id='block_1_2' title="bbox 213 378 1875 534">
    <p class='ocr_par' dir='ltr' id='par_1_2' title="bbox 213 378 1875 534">
     <span class='ocr_line' id='line_1_2' title="bbox 213 378 1875 439; baseline -0.001 -14"><span class='ocrx_word' id='word_1_6' title='bbox 213 395 325 425; x_wconf 87' lang='lat' dir='ltr'>cum</span> <span class='ocrx_word' id='word_1_7' title='bbox 384 379 726 426; x_wconf 85' lang='lat' dir='ltr'>celeberrimus</span> <span class='ocrx_word' id='word_1_8' title='bbox 798 379 953 424; x_wconf 79' lang='lat' dir='ltr'>Pallas</span> <span class='ocrx_word' id='word_1_9' title='bbox 1025 379 1072 424; x_wconf 86' lang='lat' dir='ltr'>in</span> <span class='ocrx_word' id='word_1_10' title='bbox 1147 378 1470 439; x_wconf 73' lang='lat' dir='ltr'>Zoographia.</span> <span class='ocrx_word' id='word_1_11' title='bbox 1516 378 1875 425; x_wconf 84' lang='lat' dir='ltr'>rosso-asiatica</span> 
     </span>
     <span class='ocr_line' id='line_1_3' title="bbox 214 472 1874 534; baseline -0.001 -15"><span class='ocrx_word' id='word_1_12' title='bbox 214 473 333 519; x_wconf 84' lang='lat' dir='ltr'>nihil</span> <span class='ocrx_word' id='word_1_13' title='bbox 378 474 435 519; x_wconf 83' lang='lat' dir='ltr'>de</span> <span class='ocrx_word' id='word_1_14' title='bbox 479 489 534 519; x_wconf 86' lang='lat' dir='ltr'>ea</span> <span class='ocrx_word' id='word_1_15' title='bbox 579 473 848 527; x_wconf 83' lang='lat' dir='ltr'>monuerit,</span> <span class='ocrx_word' id='word_1_16' title='bbox 899 479 945 518; x_wconf 83' lang='lat' dir='ltr'>et</span> <span class='ocrx_word' id='word_1_17' title='bbox 985 472 1115 518; x_wconf 86' lang='lat' dir='ltr'>illam</span> <span class='ocrx_word' id='word_1_18' title='bbox 1160 473 1443 534; x_wconf 83' lang='lat' dir='ltr'>simpliciter</span> <span class='ocrx_word' id='word_1_19' title='bbox 1483 488 1569 533; x_wconf 90' lang='lat' dir='ltr'>pro</span> <span class='ocrx_word' id='word_1_20' title='bbox 1608 472 1874 518; x_wconf 83' lang='lat' dir='ltr'>Columbae</span> 
     </span>
    </p>
   </div>
   <div class='ocr_carea' id='block_1_3' title="bbox 218 567 1008 628">
    <p class='ocr_par' dir='ltr' id='par_1_3' title="bbox 218 567 1008 628">
     <span class='ocr_line' id='line_1_4' title="bbox 218 567 1008 628; baseline -0.003 -15"><span class='ocrx_word' id='word_1_21' title='bbox 218 567 434 614; x_wconf 84' lang='lat' dir='ltr'>Oenadis</span> <span class='ocrx_word' id='word_1_22' title='bbox 474 568 705 613; x_wconf 87' lang='lat' dir='ltr'>varietate</span> <span class='ocrx_word' id='word_1_23' title='bbox 741 567 1008 628; x_wconf 88' lang='lat' dir='ltr'>protulerit.</span> 
     </span>
    </p>
   </div>
   <div class='ocr_carea' id='block_1_4' title="bbox 210 759 1874 1668">
    <p class='ocr_par' dir='ltr' id='par_1_4' title="bbox 210 759 1874 1668">
     <span class='ocr_line' id='line_1_5' title="bbox 348 759 1871 821; baseline 0.001 -15"><span class='ocrx_word' id='word_1_24' title='bbox 348 760 585 806; x_wconf 83' lang='lat' dir='ltr'>Columba</span> <span class='ocrx_word' id='word_1_25' title='bbox 635 759 748 805; x_wconf 79' lang='lat' dir='ltr'>livia</span> <span class='ocrx_word' id='word_1_26' title='bbox 800 760 848 805; x_wconf 91' lang='lat' dir='ltr'>in</span> <span class='ocrx_word' id='word_1_27' title='bbox 905 759 1150 820; x_wconf 81' lang='lat' dir='ltr'>provincia</span> <span class='ocrx_word' id='word_1_28' title='bbox 1213 759 1576 821; x_wconf 85' lang='lat' dir='ltr'>Orenburgensi</span> <span class='ocrx_word' id='word_1_29' title='bbox 1638 760 1739 806; x_wconf 86' lang='lat' dir='ltr'>avis</span> <span class='ocrx_word' id='word_1_30' title='bbox 1800 767 1871 807; x_wconf 91' lang='lat' dir='ltr'>est</span> 
     </span>
     <span class='ocr_line' id='line_1_6' title="bbox 210 854 1874 916; baseline 0 -16"><span class='ocrx_word' id='word_1_31' title='bbox 210 855 490 916; x_wconf 82' lang='lat' dir='ltr'>peregrina,</span> <span class='ocrx_word' id='word_1_32' title='bbox 550 870 671 916; x_wconf 86' lang='lat' dir='ltr'>quae</span> <span class='ocrx_word' id='word_1_33' title='bbox 722 854 981 915; x_wconf 80' lang='lat' dir='ltr'>quotannis</span> <span class='ocrx_word' id='word_1_34' title='bbox 1032 855 1211 900; x_wconf 86' lang='lat' dir='ltr'>vernali</span> <span class='ocrx_word' id='word_1_35' title='bbox 1274 862 1488 915; x_wconf 85' lang='lat' dir='ltr'>tempore</span> <span class='ocrx_word' id='word_1_36' title='bbox 1545 855 1653 900; x_wconf 90' lang='lat' dir='ltr'>nive</span> <span class='ocrx_word' id='word_1_37' title='bbox 1715 855 1874 901; x_wconf 83' lang='lat' dir='ltr'>soluta</span> 
     </span>
     <span class='ocr_line' id='line_1_7' title="bbox 212 948 1872 1010; baseline -0.001 -15"><span class='ocrx_word' id='word_1_38' title='bbox 212 950 404 996; x_wconf 86' lang='lat' dir='ltr'>advolat</span> <span class='ocrx_word' id='word_1_39' title='bbox 435 987 444 1004; x_wconf 90' lang='lat'>,</span> <span class='ocrx_word' id='word_1_40' title='bbox 508 956 554 994; x_wconf 93' lang='lat' dir='ltr'>et</span> <span class='ocrx_word' id='word_1_41' title='bbox 603 955 877 1001; x_wconf 87' lang='lat' dir='ltr'>autumno,</span> <span class='ocrx_word' id='word_1_42' title='bbox 930 948 1160 1009; x_wconf 79' lang='lat' dir='ltr'>frigorum</span> <span class='ocrx_word' id='word_1_43' title='bbox 1212 948 1391 1002; x_wconf 89' lang='lat' dir='ltr'>initio,</span> <span class='ocrx_word' id='word_1_44' title='bbox 1456 949 1643 1010; x_wconf 86' lang='lat' dir='ltr'>magnis</span> <span class='ocrx_word' id='word_1_45' title='bbox 1700 950 1872 994; x_wconf 87' lang='lat' dir='ltr'>turmis</span> 
     </span>
     <span class='ocr_line' id='line_1_8' title="bbox 212 1040 1870 1104; baseline 0 -16"><span class='ocrx_word' id='word_1_46' title='bbox 212 1042 267 1104; x_wconf 72' lang='grc' dir='ltr'>(ε</span> <span class='ocrx_word' id='word_1_47' title='bbox 319 1059 460 1104; x_wconf 92' lang='lat' dir='ltr'>saepe</span> <span class='ocrx_word' id='word_1_48' title='bbox 508 1042 763 1104; x_wconf 78' lang='lat' dir='ltr'>quingenis</span> <span class='ocrx_word' id='word_1_49' title='bbox 812 1042 1074 1087; x_wconf 85' lang='lat' dir='ltr'>individuis</span> <span class='ocrx_word' id='word_1_50' title='bbox 1118 1042 1304 1102; x_wconf 84' lang='lat' dir='ltr'>junctis</span> <span class='ocrx_word' id='word_1_51' title='bbox 1357 1040 1414 1102; x_wconf 79' lang='lat'>2)</span> <span class='ocrx_word' id='word_1_52' title='bbox 1456 1043 1563 1088; x_wconf 86' lang='lat' dir='ltr'>loca</span> <span class='ocrx_word' id='word_1_53' title='bbox 1605 1041 1684 1088; x_wconf 87' lang='lat' dir='ltr'>illa</span> <span class='ocrx_word' id='word_1_54' title='bbox 1728 1043 1870 1088; x_wconf 87' lang='lat' dir='ltr'>relin-</span> 
     </span>
     <span class='ocr_line' id='line_1_9' title="bbox 210 1135 1864 1200; baseline -0.003 -15"><span class='ocrx_word' id='word_1_55' title='bbox 210 1138 328 1200; x_wconf 84' lang='lat' dir='ltr'><strong>quit.</strong></span> <span class='ocrx_word' id='word_1_56' title='bbox 377 1164 432 1171; x_wconf 89' lang='lat'>—</span> <span class='ocrx_word' id='word_1_57' title='bbox 467 1137 661 1183; x_wconf 83' lang='lat' dir='ltr'>Incolae</span> <span class='ocrx_word' id='word_1_58' title='bbox 704 1137 870 1182; x_wconf 86' lang='lat' dir='ltr'>rossici</span> <span class='ocrx_word' id='word_1_59' title='bbox 914 1136 1038 1182; x_wconf 79' lang='lat' dir='ltr'>hane</span> <span class='ocrx_word' id='word_1_60' title='bbox 1082 1136 1354 1182; x_wconf 79' lang='lat' dir='ltr'>columbam</span> <span class='ocrx_word' id='word_1_61' title='bbox 1394 1151 1420 1181; x_wconf 88' lang='lat' dir='ltr'>a</span> <span class='ocrx_word' id='word_1_62' title='bbox 1456 1135 1680 1181; x_wconf 87' lang='lat' dir='ltr'>columba</span> <span class='ocrx_word' id='word_1_63' title='bbox 1720 1151 1864 1181; x_wconf 84' lang='lat' dir='ltr'>oena-</span> 
     </span>
     <span class='ocr_line' id='line_1_10' title="bbox 210 1229 1864 1293; baseline -0.002 -14"><span class='ocrx_word' id='word_1_64' title='bbox 210 1233 267 1279; x_wconf 89' lang='lat' dir='ltr'>de</span> <span class='ocrx_word' id='word_1_65' title='bbox 326 1232 444 1278; x_wconf 91' lang='lat' dir='ltr'>bene</span> <span class='ocrx_word' id='word_1_66' title='bbox 503 1231 841 1293; x_wconf 83' lang='lat' dir='ltr'>distinguunt,</span> <span class='ocrx_word' id='word_1_67' title='bbox 904 1237 950 1276; x_wconf 91' lang='lat' dir='ltr'>et</span> <span class='ocrx_word' id='word_1_68' title='bbox 1008 1236 1201 1291; x_wconf 81' lang='lat' dir='ltr'>propter</span> <span class='ocrx_word' id='word_1_69' title='bbox 1256 1237 1562 1275; x_wconf 79' lang='lat' dir='ltr'>constantem</span> <span class='ocrx_word' id='word_1_70' title='bbox 1617 1229 1864 1275; x_wconf 85' lang='lat' dir='ltr'>characte-</span> 
     </span>
     <span class='ocr_line' id='line_1_11' title="bbox 211 1324 1870 1386; baseline -0.001 -14"><span class='ocrx_word' id='word_1_71' title='bbox 211 1327 428 1372; x_wconf 85' lang='lat' dir='ltr'>risticum</span> <span class='ocrx_word' id='word_1_72' title='bbox 490 1326 699 1372; x_wconf 88' lang='lat' dir='ltr'>colorem</span> <span class='ocrx_word' id='word_1_73' title='bbox 759 1324 1094 1386; x_wconf 83' lang='lat' dir='ltr'>splendentem</span> <span class='ocrx_word' id='word_1_74' title='bbox 1154 1324 1643 1370; x_wconf 85' lang='lat' dir='ltr'>luteo-rubescentem</span> <span class='ocrx_word' id='word_1_75' title='bbox 1711 1332 1870 1384; x_wconf 84' lang='lat' dir='ltr'>pecto-</span> 
     </span>
     <span class='ocr_line' id='line_1_12' title="bbox 211 1417 1871 1483; baseline -0.002 -15"><span class='ocrx_word' id='word_1_76' title='bbox 211 1423 275 1468; x_wconf 85' lang='lat' dir='ltr'>ris</span> <span class='ocrx_word' id='word_1_77' title='bbox 305 1460 314 1476; x_wconf 93' lang='lat'>,</span> <span class='ocrx_word' id='word_1_78' title='bbox 366 1420 561 1483; x_wconf 84' lang='lat' dir='ltr'>proprio</span> <span class='ocrx_word' id='word_1_79' title='bbox 610 1420 805 1466; x_wconf 87' lang='lat' dir='ltr'>nomine</span> <span class='ocrx_word' id='word_1_80' title='bbox 855 1419 1028 1465; x_wconf 70' lang='lat' dir='ltr'>Glinka</span> <span class='ocrx_word' id='word_1_81' title='bbox 1076 1419 1205 1464; x_wconf 86' lang='lat' dir='ltr'>illam</span> <span class='ocrx_word' id='word_1_82' title='bbox 1253 1418 1605 1472; x_wconf 87' lang='lat' dir='ltr'>denominant,</span> <span class='ocrx_word' id='word_1_83' title='bbox 1657 1417 1871 1464; x_wconf 85' lang='lat' dir='ltr'>derivato</span> 
     </span>
     <span class='ocr_line' id='line_1_13' title="bbox 211 1511 1870 1576; baseline -0.002 -14"><span class='ocrx_word' id='word_1_84' title='bbox 211 1533 238 1562; x_wconf 89' lang='lat' dir='ltr'>a</span> <span class='ocrx_word' id='word_1_85' title='bbox 286 1516 460 1571; x_wconf 79' lang='lat' dir='ltr'>Glina,</span> <span class='ocrx_word' id='word_1_86' title='bbox 504 1514 630 1576; x_wconf 89' lang='lat' dir='ltr'>quod</span> <span class='ocrx_word' id='word_1_87' title='bbox 681 1513 927 1576; x_wconf 85' lang='lat' dir='ltr'>significat</span> <span class='ocrx_word' id='word_1_88' title='bbox 974 1513 1145 1559; x_wconf 86' lang='lat' dir='ltr'>lutum.</span> <span class='ocrx_word' id='word_1_89' title='bbox 1220 1511 1329 1557; x_wconf 90' lang='lat' dir='ltr'>Hoc</span> <span class='ocrx_word' id='word_1_90' title='bbox 1378 1512 1536 1557; x_wconf 89' lang='lat' dir='ltr'>colore</span> <span class='ocrx_word' id='word_1_91' title='bbox 1587 1512 1870 1558; x_wconf 84' lang='lat' dir='ltr'>rubescente</span> 
     </span>
     <span class='ocr_line' id='line_1_14' title="bbox 212 1604 1868 1668; baseline -0.004 -12"><span class='ocrx_word' id='word_1_92' title='bbox 212 1626 298 1657; x_wconf 87' lang='lat' dir='ltr'>nec</span> <span class='ocrx_word' id='word_1_93' title='bbox 359 1626 456 1656; x_wconf 88' lang='lat' dir='ltr'>non</span> <span class='ocrx_word' id='word_1_94' title='bbox 516 1614 756 1655; x_wconf 85' lang='lat' dir='ltr'>ceromate</span> <span class='ocrx_word' id='word_1_95' title='bbox 818 1607 1008 1668; x_wconf 81' lang='lat' dir='ltr'>turgido</span> <span class='ocrx_word' id='word_1_96' title='bbox 1065 1606 1173 1652; x_wconf 89' lang='lat' dir='ltr'>albo</span> <span class='ocrx_word' id='word_1_97' title='bbox 1204 1644 1213 1660; x_wconf 89' lang='lat'>‚</span> <span class='ocrx_word' id='word_1_98' title='bbox 1279 1612 1432 1652; x_wconf 82' lang='lat' dir='ltr'>rostro</span> <span class='ocrx_word' id='word_1_99' title='bbox 1494 1605 1625 1650; x_wconf 85' lang='lat' dir='ltr'>molli</span> <span class='ocrx_word' id='word_1_100' title='bbox 1682 1604 1868 1660; x_wconf 85' lang='lat' dir='ltr'>flexili,</span> 
     </span>
    </p>
   </div>
   <div class='ocr_carea' id='block_1_5' title="bbox 210 1698 1534 1767">
    <p class='ocr_par' dir='ltr' id='par_1_5' title="bbox 210 1698 1534 1767">
     <span class='ocr_line' id='line_1_15' title="bbox 210 1698 1534 1767; baseline -0.005 -16"><span class='ocrx_word' id='word_1_101' title='bbox 210 1720 408 1767; x_wconf 84' lang='lat' dir='ltr'>corpore</span> <span class='ocrx_word' id='word_1_102' title='bbox 447 1704 628 1749; x_wconf 85' lang='lat' dir='ltr'>minore</span> <span class='ocrx_word' id='word_1_103' title='bbox 665 1710 711 1748; x_wconf 84' lang='lat' dir='ltr'>et</span> <span class='ocrx_word' id='word_1_104' title='bbox 748 1702 1028 1763; x_wconf 76' lang='lat' dir='ltr'>graciliore,</span> <span class='ocrx_word' id='word_1_105' title='bbox 1069 1700 1206 1746; x_wconf 86' lang='lat' dir='ltr'>facile</span> <span class='ocrx_word' id='word_1_106' title='bbox 1244 1698 1534 1760; x_wconf 87' lang='lat' dir='ltr'>distiguitur.</span> 
     </span>
    </p>
   </div>
   <div class='ocr_carea' id='block_1_6' title="bbox 209 1889 1865 2886">
    <p class='ocr_par' dir='ltr' id='par_1_6' title="bbox 209 1889 1865 2886">
     <span class='ocr_line' id='line_1_16' title="bbox 345 1889 1865 1946; baseline -0.007 -2"><span class='ocrx_word' id='word_1_107' title='bbox 345 1898 499 1944; x_wconf 86' lang='lat' dir='ltr'>Simul</span> <span class='ocrx_word' id='word_1_108' title='bbox 559 1912 612 1941; x_wconf 84' lang='lat' dir='ltr'>ac</span> <span class='ocrx_word' id='word_1_109' title='bbox 672 1894 725 1940; x_wconf 90' lang='lat' dir='ltr'>C.</span> <span class='ocrx_word' id='word_1_110' title='bbox 782 1894 895 1939; x_wconf 86' lang='lat' dir='ltr'>livia</span> <span class='ocrx_word' id='word_1_111' title='bbox 955 1892 1232 1946; x_wconf 78' lang='lat' dir='ltr'>advolavit,</span> <span class='ocrx_word' id='word_1_112' title='bbox 1296 1890 1422 1936; x_wconf 87' lang='lat' dir='ltr'>haud</span> <span class='ocrx_word' id='word_1_113' title='bbox 1478 1906 1583 1935; x_wconf 85' lang='lat' dir='ltr'>raro</span> <span class='ocrx_word' id='word_1_114' title='bbox 1645 1890 1692 1935; x_wconf 88' lang='lat' dir='ltr'>in</span> <span class='ocrx_word' id='word_1_115' title='bbox 1750 1889 1865 1934; x_wconf 90' lang='lat' dir='ltr'>locis</span> 
     </span>
     <span class='ocr_line' id='line_1_17' title="bbox 210 1985 1863 2047; baseline -0.007 -7"><span class='ocrx_word' id='word_1_116' title='bbox 210 1992 495 2046; x_wconf 85' lang='lat' dir='ltr'>denudatis,</span> <span class='ocrx_word' id='word_1_117' title='bbox 552 1991 626 2036; x_wconf 89' lang='lat' dir='ltr'>vel</span> <span class='ocrx_word' id='word_1_118' title='bbox 686 1990 733 2034; x_wconf 92' lang='lat' dir='ltr'>in</span> <span class='ocrx_word' id='word_1_119' title='bbox 790 1988 879 2034; x_wconf 87' lang='lat' dir='ltr'>viis</span> <span class='ocrx_word' id='word_1_120' title='bbox 939 1988 1011 2032; x_wconf 90' lang='lat' dir='ltr'>vel</span> <span class='ocrx_word' id='word_1_121' title='bbox 1069 1987 1116 2032; x_wconf 86' lang='lat' dir='ltr'>in</span> <span class='ocrx_word' id='word_1_122' title='bbox 1170 1985 1353 2047; x_wconf 81' lang='lat' dir='ltr'>campis</span> <span class='ocrx_word' id='word_1_123' title='bbox 1403 1985 1576 2039; x_wconf 78' lang='lat' dir='ltr'>sicciS‚</span> <span class='ocrx_word' id='word_1_124' title='bbox 1630 1999 1716 2029; x_wconf 86' lang='lat' dir='ltr'>nec</span> <span class='ocrx_word' id='word_1_125' title='bbox 1768 1998 1863 2028; x_wconf 88' lang='lat' dir='ltr'>non</span> 
     </span>
     <span class='ocr_line' id='line_1_18' title="bbox 211 2076 1865 2148; baseline -0.007 -14"><span class='ocrx_word' id='word_1_126' title='bbox 211 2089 339 2135; x_wconf 86' lang='lat' dir='ltr'>circa</span> <span class='ocrx_word' id='word_1_127' title='bbox 396 2100 544 2148; x_wconf 87' lang='lat' dir='ltr'>pagos</span> <span class='ocrx_word' id='word_1_128' title='bbox 600 2084 647 2129; x_wconf 90' lang='lat' dir='ltr'>in</span> <span class='ocrx_word' id='word_1_129' title='bbox 702 2082 939 2128; x_wconf 84' lang='lat' dir='ltr'>ruderatis</span> <span class='ocrx_word' id='word_1_130' title='bbox 995 2086 1042 2126; x_wconf 84' lang='lat' dir='ltr'>et</span> <span class='ocrx_word' id='word_1_131' title='bbox 1098 2080 1226 2125; x_wconf 87' lang='lat' dir='ltr'>circa</span> <span class='ocrx_word' id='word_1_132' title='bbox 1281 2079 1482 2133; x_wconf 85' lang='lat' dir='ltr'>horrea,</span> <span class='ocrx_word' id='word_1_133' title='bbox 1541 2093 1711 2124; x_wconf 85' lang='lat' dir='ltr'>acerva</span> <span class='ocrx_word' id='word_1_134' title='bbox 1770 2076 1865 2122; x_wconf 86' lang='lat' dir='ltr'>fru-</span> 
     </span>
     <span class='ocr_line' id='line_1_19' title="bbox 209 2171 1860 2237; baseline -0.008 -8"><span class='ocrx_word' id='word_1_135' title='bbox 209 2181 477 2234; x_wconf 86' lang='lat' dir='ltr'>mentaria,</span> <span class='ocrx_word' id='word_1_136' title='bbox 529 2184 574 2224; x_wconf 87' lang='lat' dir='ltr'>et</span> <span class='ocrx_word' id='word_1_137' title='bbox 623 2186 810 2231; x_wconf 86' lang='lat' dir='ltr'>cetera,</span> <span class='ocrx_word' id='word_1_138' title='bbox 861 2175 1093 2237; x_wconf 87' lang='lat' dir='ltr'>pabulum</span> <span class='ocrx_word' id='word_1_139' title='bbox 1142 2173 1372 2234; x_wconf 82' lang='lat' dir='ltr'>colligens</span> <span class='ocrx_word' id='word_1_140' title='bbox 1420 2171 1688 2233; x_wconf 88' lang='lat' dir='ltr'>reperitur;</span> <span class='ocrx_word' id='word_1_141' title='bbox 1741 2186 1860 2216; x_wconf 87' lang='lat' dir='ltr'>nun-</span> 
     </span>
     <span class='ocr_line' id='line_1_20' title="bbox 210 2264 1864 2339; baseline -0.008 -17"><span class='ocrx_word' id='word_1_142' title='bbox 210 2292 355 2339; x_wconf 86' lang='lat' dir='ltr'>quam</span> <span class='ocrx_word' id='word_1_143' title='bbox 404 2280 563 2319; x_wconf 86' lang='lat' dir='ltr'>autem</span> <span class='ocrx_word' id='word_1_144' title='bbox 603 2271 652 2317; x_wconf 90' lang='lat' dir='ltr'>in</span> <span class='ocrx_word' id='word_1_145' title='bbox 690 2285 836 2331; x_wconf 81' lang='lat' dir='ltr'>pagos</span> <span class='ocrx_word' id='word_1_146' title='bbox 879 2270 1008 2330; x_wconf 81' lang='lat' dir='ltr'>ipsos</span> <span class='ocrx_word' id='word_1_147' title='bbox 1047 2266 1262 2321; x_wconf 83' lang='lat' dir='ltr'>involat,</span> <span class='ocrx_word' id='word_1_148' title='bbox 1307 2273 1355 2311; x_wconf 92' lang='lat' dir='ltr'>et</span> <span class='ocrx_word' id='word_1_149' title='bbox 1398 2280 1645 2325; x_wconf 85' lang='lat' dir='ltr'>nunquam</span> <span class='ocrx_word' id='word_1_150' title='bbox 1688 2265 1737 2309; x_wconf 89' lang='lat' dir='ltr'>in</span> <span class='ocrx_word' id='word_1_151' title='bbox 1781 2264 1864 2310; x_wconf 92' lang='lat' dir='ltr'>do-</span> 
     </span>
     <span class='ocr_line' id='line_1_21' title="bbox 210 2358 1862 2418; baseline -0.008 -1"><span class='ocrx_word' id='word_1_152' title='bbox 210 2385 374 2416; x_wconf 90' lang='lat' dir='ltr'>muum</span> <span class='ocrx_word' id='word_1_153' title='bbox 420 2366 632 2414; x_wconf 87' lang='lat' dir='ltr'>culmina</span> <span class='ocrx_word' id='word_1_154' title='bbox 675 2364 813 2410; x_wconf 85' lang='lat' dir='ltr'>sedit.</span> <span class='ocrx_word' id='word_1_155' title='bbox 888 2361 1124 2416; x_wconf 81' lang='lat' dir='ltr'>Quamvis</span> <span class='ocrx_word' id='word_1_156' title='bbox 1168 2361 1279 2407; x_wconf 85' lang='lat' dir='ltr'>licet</span> <span class='ocrx_word' id='word_1_157' title='bbox 1322 2359 1375 2406; x_wconf 83' lang='lat' dir='ltr'>C.</span> <span class='ocrx_word' id='word_1_158' title='bbox 1420 2359 1613 2413; x_wconf 88' lang='lat' dir='ltr'>Oenas,</span> <span class='ocrx_word' id='word_1_159' title='bbox 1660 2373 1780 2418; x_wconf 88' lang='lat' dir='ltr'>quae</span> <span class='ocrx_word' id='word_1_160' title='bbox 1814 2358 1862 2404; x_wconf 91' lang='lat' dir='ltr'>in</span> 
     </span>
     <span class='ocr_line' id='line_1_22' title="bbox 211 2451 1862 2522; baseline -0.008 -11"><span class='ocrx_word' id='word_1_161' title='bbox 211 2463 437 2511; x_wconf 90' lang='lat' dir='ltr'>omnibus</span> <span class='ocrx_word' id='word_1_162' title='bbox 487 2459 620 2522; x_wconf 86' lang='lat' dir='ltr'>pagis</span> <span class='ocrx_word' id='word_1_163' title='bbox 670 2457 1003 2518; x_wconf 86' lang='lat' dir='ltr'>vulgatissima</span> <span class='ocrx_word' id='word_1_164' title='bbox 1051 2463 1096 2501; x_wconf 90' lang='lat' dir='ltr'>et</span> <span class='ocrx_word' id='word_1_165' title='bbox 1148 2470 1397 2516; x_wconf 86' lang='lat' dir='ltr'>passerum</span> <span class='ocrx_word' id='word_1_166' title='bbox 1446 2453 1597 2498; x_wconf 82' lang='lat' dir='ltr'>instar</span> <span class='ocrx_word' id='word_1_167' title='bbox 1645 2451 1862 2507; x_wconf 81' lang='lat' dir='ltr'>habitat,</span> 
     </span>
     <span class='ocr_line' id='line_1_23' title="bbox 210 2545 1863 2620; baseline -0.007 -16"><span class='ocrx_word' id='word_1_168' title='bbox 210 2556 482 2620; x_wconf 81' lang='lat' dir='ltr'>promiscue</span> <span class='ocrx_word' id='word_1_169' title='bbox 542 2568 652 2599; x_wconf 88' lang='lat' dir='ltr'>eum</span> <span class='ocrx_word' id='word_1_170' title='bbox 712 2550 767 2597; x_wconf 88' lang='lat' dir='ltr'>C.</span> <span class='ocrx_word' id='word_1_171' title='bbox 830 2550 943 2596; x_wconf 88' lang='lat' dir='ltr'>livia</span> <span class='ocrx_word' id='word_1_172' title='bbox 1003 2549 1169 2595; x_wconf 88' lang='lat' dir='ltr'>iisdem</span> <span class='ocrx_word' id='word_1_173' title='bbox 1231 2549 1278 2594; x_wconf 91' lang='lat' dir='ltr'>in</span> <span class='ocrx_word' id='word_1_174' title='bbox 1340 2547 1457 2593; x_wconf 85' lang='lat' dir='ltr'>loeis</span> <span class='ocrx_word' id='word_1_175' title='bbox 1517 2561 1660 2606; x_wconf 87' lang='lat' dir='ltr'>supra</span> <span class='ocrx_word' id='word_1_176' title='bbox 1721 2545 1863 2592; x_wconf 90' lang='lat' dir='ltr'>dictis</span> 
     </span>
     <span class='ocr_line' id='line_1_24' title="bbox 210 2638 1862 2702; baseline -0.008 -7"><span class='ocrx_word' id='word_1_177' title='bbox 210 2654 460 2701; x_wconf 85' lang='lat' dir='ltr'>versetur,</span> <span class='ocrx_word' id='word_1_178' title='bbox 506 2651 666 2691; x_wconf 89' lang='lat' dir='ltr'>tamen</span> <span class='ocrx_word' id='word_1_179' title='bbox 707 2643 765 2689; x_wconf 84' lang='lat' dir='ltr'>ab</span> <span class='ocrx_word' id='word_1_180' title='bbox 809 2641 912 2702; x_wconf 86' lang='lat' dir='ltr'>ejus</span> <span class='ocrx_word' id='word_1_181' title='bbox 956 2640 1184 2687; x_wconf 82' lang='lat' dir='ltr'>societate</span> <span class='ocrx_word' id='word_1_182' title='bbox 1227 2655 1416 2700; x_wconf 87' lang='lat' dir='ltr'>semper</span> <span class='ocrx_word' id='word_1_183' title='bbox 1458 2638 1700 2691; x_wconf 84' lang='lat' dir='ltr'>abstinet,</span> <span class='ocrx_word' id='word_1_184' title='bbox 1741 2651 1862 2682; x_wconf 91' lang='lat' dir='ltr'>sem-</span> 
     </span>
     <span class='ocr_line' id='line_1_25' title="bbox 210 2730 1863 2805; baseline -0.008 -17"><span class='ocrx_word' id='word_1_185' title='bbox 210 2757 389 2805; x_wconf 86' lang='lat' dir='ltr'>perque</span> <span class='ocrx_word' id='word_1_186' title='bbox 438 2739 655 2800; x_wconf 84' lang='lat' dir='ltr'>singulae</span> <span class='ocrx_word' id='word_1_187' title='bbox 705 2736 882 2799; x_wconf 88' lang='lat' dir='ltr'>speciei</span> <span class='ocrx_word' id='word_1_188' title='bbox 937 2734 1187 2781; x_wconf 84' lang='lat' dir='ltr'>individua</span> <span class='ocrx_word' id='word_1_189' title='bbox 1236 2734 1359 2779; x_wconf 87' lang='lat' dir='ltr'>inter</span> <span class='ocrx_word' id='word_1_190' title='bbox 1406 2748 1455 2778; x_wconf 89' lang='lat' dir='ltr'>se</span> <span class='ocrx_word' id='word_1_191' title='bbox 1505 2730 1715 2792; x_wconf 88' lang='lat' dir='ltr'>junctim</span> <span class='ocrx_word' id='word_1_192' title='bbox 1765 2746 1863 2776; x_wconf 83' lang='lat' dir='ltr'>arn-</span> 
     </span>
     <span class='ocr_line' id='line_1_26' title="bbox 210 2825 1861 2886; baseline -0.007 -4"><span class='ocrx_word' id='word_1_193' title='bbox 210 2837 391 2882; x_wconf 87' lang='lat' dir='ltr'>bulant.</span> <span class='ocrx_word' id='word_1_194' title='bbox 425 2861 490 2866; x_wconf 89' lang='lat'><em>-</em></span> <span class='ocrx_word' id='word_1_195' title='bbox 526 2832 581 2878; x_wconf 86' lang='lat' dir='ltr'>C.</span> <span class='ocrx_word' id='word_1_196' title='bbox 634 2831 781 2886; x_wconf 85' lang='lat' dir='ltr'>livia,</span> <span class='ocrx_word' id='word_1_197' title='bbox 832 2830 939 2877; x_wconf 88' lang='lat' dir='ltr'>cibo</span> <span class='ocrx_word' id='word_1_198' title='bbox 989 2828 1193 2883; x_wconf 85' lang='lat' dir='ltr'>satiata,</span> <span class='ocrx_word' id='word_1_199' title='bbox 1246 2843 1354 2873; x_wconf 87' lang='lat' dir='ltr'>mox</span> <span class='ocrx_word' id='word_1_200' title='bbox 1409 2826 1457 2871; x_wconf 92' lang='lat' dir='ltr'>in</span> <span class='ocrx_word' id='word_1_201' title='bbox 1515 2825 1698 2886; x_wconf 90' lang='lat' dir='ltr'>sylvam</span> <span class='ocrx_word' id='word_1_202' title='bbox 1757 2839 1861 2886; x_wconf 89' lang='lat' dir='ltr'>pro-</span> 
     </span>
    </p>
   </div>
   <div class='ocr_carea' id='block_1_7' title="bbox 211 2917 1860 2991">
    <p class='ocr_par' dir='ltr' id='par_1_7' title="bbox 211 2917 1860 2991">
     <span class='ocr_line' id='line_1_27' title="bbox 211 2917 1860 2991; baseline -0.008 -15"><span class='ocrx_word' id='word_1_203' title='bbox 211 2930 471 2991; x_wconf 82' lang='lat' dir='ltr'>pinquam,</span> <span class='ocrx_word' id='word_1_204' title='bbox 511 2927 612 2988; x_wconf 87' lang='lat' dir='ltr'>ejus</span> <span class='ocrx_word' id='word_1_205' title='bbox 651 2925 920 2986; x_wconf 82' lang='lat' dir='ltr'>refugium,</span> <span class='ocrx_word' id='word_1_206' title='bbox 961 2923 1157 2969; x_wconf 84' lang='lat' dir='ltr'>revolat.</span> <span class='ocrx_word' id='word_1_207' title='bbox 1230 2920 1525 2967; x_wconf 88' lang='lat' dir='ltr'>Habitacula</span> <span class='ocrx_word' id='word_1_208' title='bbox 1566 2919 1605 2965; x_wconf 92' lang='lat' dir='ltr'>ei</span> <span class='ocrx_word' id='word_1_209' title='bbox 1647 2917 1860 2980; x_wconf 81' lang='lat' dir='ltr'>gratissi-</span> 
     </span>
    </p>
   </div>
  </div>
 </body>
</html>
