1958 3308
1670 223 1711 249 11

752 371 1001 416 Mensurae
1016 390 1027 415 :

193 531 469 593 Longitudo
496 531 597 577 avis
618 546 644 576 a
662 530 804 576 rostri
827 529 961 592 apice
982 529 1042 576 ad
1067 528 1249 575 caudae
1275 528 1463 591 apicem
1501 525 1553 574 6¹²
1622 556 1686 562 —

502 625 683 672 caudae
720 659 1459 671 ...............
1502 620 1554 670 2”
1624 621 1688 686 9'''

499 719 638 765 rostri
665 719 723 766 ab
749 719 926 780 angulo
951 718 1144 764 'frontali
1194 754 1554 764 ........
1626 714 1721 780 ςὲω

504 849 922 860 .........
952 807 1724 870 oris..........6}''¹

199 908 419 955 Altitudo
445 908 588 954 rostri
639 941 1554 955 ...................
1629 901 1724 967 3-ὲ-’Π

198 1002 473 1064 Longitudo
499 1002 613 1048 tarsi
686 1034 1548 1046 ..................
1596 995 1721 1059 ΙΟξΠ

501 1095 636 1156 digiti
664 1094 808 1140 medii
835 1109 946 1141 cum
973 1109 1135 1154 ungue
1164 1090 1227 1156 3'‘'
1297 1127 1550 1139 ......
1624 1088 1722 1154 φὲω

433 1462 565 1511 SYL
576 1462 691 1512 VIA
727 1458 1239 1510 ERYTHRONOTA
1276 1451 1360 1508 Ev'.

136 1626 184 1672 S.
241 1623 412 1687 Capite
429 1624 710 1684 cerviceque
728 1621 1461 1682 cinereis,dorso,gula‚pectore
1479 1618 1727 1680 caudaque

268 1718 439 1764 subtus
466 1716 767 1778 ferrugineis,
795 1721 962 1762 ventre
989 1714 1234 1776 crissoque
1255 1713 1442 1768 albidis,
1466 1713 1552 1759 alis
1578 1712 1727 1773 nigris

268 1811 548 1858 tectricibus
576 1810 743 1873 primis
763 1809 897 1856 albis.

66 1973 343 2035 Descriptio.
382 1973 588 2020 Habitus
601 1971 648 2019 S.
662 1971 964 2027 phoenicuri,
976 1971 1057 2017 sed
1075 1971 1218 2032 paulo
1235 1970 1388 2032 major
1404 1976 1451 2017 et
1469 1970 1722 2017 robustior.

198 2068 428 2115 Rostrum
453 2074 610 2114 atrurn
636 2066 802 2113 eadem
827 2065 980 2112 forma
1006 2081 1060 2111 ac
1085 2065 1134 2111 in
1173 2065 1489 2111 Phoenicuro.
1563 2063 1722 2125 Caput

208 2177 354 2223 supra
373 2167 419 2207 et
443 2161 604 2207 cervix
627 2160 831 2215 cinerea,
850 2159 982 2205 frons
1003 2159 1206 2205 albidior
1225 2179 1235 2214 ;
1269 2159 1464 2205 dorsum
1487 2165 1533 2204 et
1553 2174 1729 2219 uropy-

204 2255 338 2316 gium
355 2254 639 2316 ferruginea.
678 2253 806 2299 Area
825 2253 1049 2313 utrinque
1066 2252 1238 2314 capitis
1256 2267 1430 2313 magna
1448 2258 1565 2307 atra,
1585 2267 1731 2313 supra

208 2364 348 2395 nares
365 2364 392 2394 a
411 2348 552 2393 rostri
569 2347 673 2393 basi
691 2345 947 2408 incipiens,
971 2352 1104 2392 trans
1124 2346 1289 2391 oculos
1310 2345 1607 2400 continuata,
1629 2345 1730 2406 pal-

205 2443 376 2504 pebras
400 2442 672 2503 superiores
697 2448 743 2487 et
769 2441 880 2486 colli
906 2441 1056 2486 latera
1080 2455 1341 2501 occupans,
1368 2454 1518 2500 usque
1543 2439 1601 2485 ad
1627 2440 1729 2485 alae

208 2536 442 2582 flexuram
459 2535 712 2597 producta,
724 2542 768 2581 et
782 2535 991 2580 colorem
1004 2534 1174 2595 capitis
1185 2532 1477 2593 cervicisque
1488 2532 1730 2578 cinereum

205 2629 488 2676 terminans.
550 2627 733 2675 Guttur
749 2634 795 2674 et
812 2634 981 2689 pectus
998 2626 1286 2687 ferruginea,
1302 2626 1383 2687 qui
1401 2625 1532 2671 color
1549 2626 1731 2688 postice

212 2724 390 2770 sensim
417 2723 466 2768 in
492 2723 699 2769 colorem
728 2721 909 2767 ventris
935 2728 982 2766 et
1007 2720 1144 2766 crissi
1167 2719 1330 2765 album
1357 2721 1542 2766 transit.
1593 2719 1731 2775 Alae,

209 2816 386 2862 caudae
406 2816 615 2862 medium
637 2815 734 2861 fere
755 2815 1065 2874 attingentes,
1089 2813 1268 2875 nigrae,
1292 2813 1542 2859 humerum
1567 2829 1733 2859 versus

212 2915 358 2965 atrae,
404 2909 663 2969 remigibus
703 2906 1181 2969 griseo-marginatis,
1229 2907 1506 2952 tectricibus
1550 2906 1731 2968 primis,
