1958 3308
1701 217 1723 258 7

62 370 115 410 ut
142 364 345 418 videtur,
375 364 517 425 paulo
544 363 710 424 major,
738 370 865 410 certe
899 363 1052 409 cauda
1090 370 1136 409 et
1174 364 1273 410 alae
1310 364 1550 425 longiores
1586 372 1715 419 sunt,

63 474 204 520 qnam
231 458 280 504 in
307 456 497 504 Corone
523 458 804 504 Casanensi.
875 456 1051 504 Differt
1081 465 1244 504 autem
1278 459 1536 520 praecipue
1566 465 1720 504 rostro

65 551 461 613 crassiore,apice
479 552 637 597 minus
657 551 977 613 aeuto‚magis
998 551 1215 607 incurvo,
1235 558 1345 598 ante
1363 552 1547 614 apicem
1566 553 1721 598 multo

64 645 246 700 altiore,
266 661 410 707 quam
430 645 480 691 in
497 644 702 701 Corone,
721 645 882 691 tomiis
899 645 1132 692 continue
1153 646 1377 702 incursis,
1399 646 1720 692 mandibulari

64 739 198 800 apice
221 745 365 784 recto.
416 737 474 784 In
495 738 684 785 Corone
702 737 966 785 Casanensi
988 739 1192 785 tomium
1214 739 1339 786 inter
1360 745 1406 785 et
1428 755 1583 794 nares,
1602 739 1719 785 utri-

64 847 214 893 usque
233 831 412 887 lateris,
433 831 558 878 linea
578 832 763 878 elevata
782 832 1034 893 reperitur,
1054 848 1177 894 quae
1198 833 1248 878 in
1269 833 1409 879 rostri
1430 833 1531 879 basi
1551 833 1721 894 incipit

63 932 127 981 et,
149 927 325 972 sensim
349 926 664 981 descendens,
686 926 891 971 tomium
916 925 965 972 in
983 926 1125 972 rostri
1147 926 1305 972 medio
1332 927 1538 989 altingit.
1589 926 1645 972 In
1666 926 1716 972 C.

62 1019 283 1066 orientali
303 1019 512 1081 spatium
533 1019 658 1065 inter
678 1019 884 1065 tomium
910 1027 958 1065 et
977 1019 1164 1065 foveam
1190 1020 1377 1065 narium
1405 1021 1718 1066 rotundatum

64 1119 110 1159 et
128 1112 263 1158 laeve
280 1119 364 1159 est.
406 1112 569 1159 Rostri
586 1113 841 1174 longitudo
858 1113 1011 1159 variat
1027 1113 1076 1158 in
1094 1112 1350 1159 C.Corone
1370 1113 1486 1159 utin
1503 1113 1720 1160 Corien-

63 1206 167 1262 tali3
194 1205 348 1252 forma
364 1211 525 1252 autem
543 1221 730 1267 semper
746 1206 912 1252 eadem
929 1214 1015 1253 est.
1062 1206 1290 1253 Rostrum
1310 1206 1453 1253 Corvi
1474 1207 1720 1254 orientalis

61 1299 158 1346 fere
175 1299 341 1346 eadem
358 1299 512 1345 forma
529 1306 617 1356 est,
637 1316 733 1361 qua
751 1307 958 1346 rostrum
978 1301 1031 1346 C.
1052 1300 1287 1347 Cornicis.
1321 1301 1543 1347 Altitudo
1560 1302 1718 1357 rostri,

63 1409 209 1456 supra
239 1395 470 1455 angulum
502 1396 761 1440 mentalem
788 1395 1051 1456 explorata,
1079 1395 1128 1441 in
1155 1394 1211 1441 C.
1235 1394 1426 1441 Corone
1452 1395 1720 1442 Casanensi

65 1495 135 1534 est
167 1503 250 1534 sex
280 1488 532 1543 linearum,
561 1488 609 1534 in
636 1487 686 1534 C.
717 1488 938 1536 orientali
964 1495 1122 1535 autem
1150 1487 1311 1551 7{—8
1340 1489 1505 1535 linear.
1537 1489 1721 1547 (rostris

67 1583 315 1644 utriusque
333 1583 507 1643 speciei
523 1583 832 1644 aequelongis
851 1582 1456 1644 adhibitis).-—Diagnosin
1473 1584 1719 1630 ambarum

63 1676 330 1738 specierum
359 1676 632 1739 specificam
659 1676 727 1723 sic
753 1676 976 1723 exhibere
1005 1678 1166 1724 velim:

602 1832 727 1880 COR
737 1832 865 1881 VUS
901 1833 1027 1881 COR
1034 1833 1180 1882 ΘΝΕ.

128 1964 183 2012 C.
256 1964 635 2024 Goeruleo-ater‚
663 1975 817 2015 rostro
844 1969 1031 2015 modice
1057 1970 1352 2026 acuminato,
1382 1971 1508 2017 linea
1533 1972 1719 2019 elevata

259 2060 547 2107 horizontali
574 2062 698 2109 infra
723 2078 880 2118 nares,
908 2063 1112 2109 tomium
1140 2064 1190 2110 in
1222 2064 1364 2110 rostri
1392 2065 1546 2110 medio
1574 2065 1718 2111 attin-

260 2160 416 2214 gente.

530 2283 656 2332 COR
666 2284 794 2333 VUS
829 2284 1254 2335 ORIENTALIS.

127 2419 181 2466 C.
254 2419 485 2467 Coeruleo
496 2427 612 2477 ater,
624 2428 775 2468 restro
787 2422 963 2478 valido,
977 2424 1315 2479 crassiusculo,
1328 2423 1545 2479 incurvo,
1556 2424 1719 2471 tomiis

264 2515 494 2561 continue
511 2515 1093 2570 involutis,mandibulari
1110 2517 1245 2578 apice
1262 2523 1409 2572 rectO,
1423 2518 1578 2579 spatio
1596 2518 1722 2565 inter

263 2623 401 2654 nares
422 2615 469 2655 et
489 2608 676 2655 tonium
699 2610 946 2657 maxillare
968 2610 1245 2666 rotundato,
1267 2610 1403 2657 laevi.

198 2700 504 2763 Exemplaria
538 2718 645 2749 mea
680 2703 807 2750 circa
842 2703 1047 2750 fiuvium
1082 2703 1287 2766 Narym,
1328 2704 1455 2752 ultra
1487 2705 1720 2768 oppidum

72 2790 380 2850 Buchtarma,
408 2796 570 2842 occisa
595 2803 724 2843 sunt.
