1958 3308
384 364 560 424 unguis
593 395 1460 417 ..................
1536 374 1560 423 3

382 456 519 517 digiti
545 456 716 517 postici
744 456 846 502 sine
871 471 1031 516 ungue
1094 489 1459 500 ........
1533 449 1628 516 3ξ”

381 550 556 611 unguis
598 583 1461 595 ..................
1535 543 1628 609 3{'''

204 715 324 761 Avis
346 731 491 777 supra
508 716 752 778 doscripta
768 715 971 762 fortasse
990 732 1086 762 non
1105 715 1292 762 differre
1310 714 1727 762 aCoccothrauste

70 810 320 856 caucasico
343 809 456 855 Pall.
486 809 654 871 Zoogr.
675 808 852 870 (Loxia
877 825 1013 856 rosea
1040 809 1204 865 Giild.)
1230 829 1240 865 ;
1267 825 1377 855 cum
1404 815 1565 855 autem
1593 808 1726 868 diag-

71 902 216 957 nosis‚
245 919 271 948 a
296 903 380 949 cel.
408 903 614 949 Pallasio
641 903 806 957 relata,
830 902 973 949 nimis
999 902 1157 948 brevis
1184 903 1262 957 sit,
1293 909 1338 948 et
1366 902 1551 948 iconem
1579 907 1724 962 atque

69 995 439 1057 descriptionem
480 996 566 1042 cel.
604 994 993 1042 Guldenstaedtii
1032 1011 1191 1042 coram
1235 1011 1331 1041 non
1372 995 1592 1050 babeam,
1625 1009 1721 1039 rem

68 1089 263 1136 dubiam
290 1090 545 1136 decernere
572 1090 732 1136 nolim.

409 1452 521 1499 FR]
523 1452 577 1498 N
580 1451 791 1498 GILLA
836 1451 953 1497 ORI
952 1451 1052 1497 EN
1052 1451 1214 1497 TALI
1214 1452 1251 1497 S
1287 1452 1374 1497 Ev.

442 1615 616 1660 Passer
641 1615 868 1660 carduelis
892 1631 988 1661 var.
1017 1616 1144 1661 Pali.
1175 1616 1339 1676 Zooyr.

130 1783 179 1829 F.
255 1782 410 1845 Supra
427 1783 630 1838 cinerea,
650 1783 920 1839 abdomine,
939 1783 1088 1830 crisso
1108 1784 1436 1846 uropygioque
1454 1785 1588 1842 albis,
1608 1802 1715 1848 pec-

262 1884 364 1924 tore
384 1877 556 1938 griseo,
576 1876 697 1924 facie
717 1877 876 1933 rubra,
897 1878 999 1924 lora
1020 1878 1172 1940 nigra,
1195 1879 1348 1925 cauda
1374 1879 1555 1941 alisque
1581 1880 1713 1934 atris,

262 1971 522 2033 remigibus
552 1970 655 2017 basi
691 1971 847 2028 flavis,
875 1972 1137 2034 remigibus
1175 1973 1469 2020 secundariis
1505 1974 1715 2020 exterius

262 2065 399 2120 albis,
428 2065 708 2111 rectricibus
732 2071 939 2127 quatnor
970 2065 1268 2113 intermediis
1299 2067 1434 2128 apice
1470 2067 1606 2121 albis,
1634 2084 1713 2114 ex-

261 2159 378 2205 tima
404 2159 592 2204 macula
618 2158 725 2205 alba
749 2158 988 2205 interioris
1016 2159 1192 2205 vexilli.

192 2323 267 2369 De
285 2323 377 2369 hac
396 2322 604 2384 fringilla
623 2323 769 2370 tradit
788 2322 945 2370 Pallas
965 2323 1014 2369 in
1036 2322 1341 2386 Zoographia
1355 2324 1492 2371 Tom.
1515 2324 1579 2380 II,
1602 2342 1710 2388 pag.

68 2415 142 2474 16,
161 2423 208 2464 et
223 2417 355 2463 illam
374 2416 526 2464 credit
545 2416 827 2463 varietatem
848 2416 886 2463 F
887 2418 1105 2479 ringillae
1125 2418 1358 2464 carduelis
1379 2434 1494 2465 esse.
1570 2418 1712 2467 Certe

61 2511 301 2558 simillima
317 2517 389 2558 est
407 2510 663 2572 Fringillae
679 2511 904 2567 cardueli‚
923 2518 970 2558 et
987 2518 1172 2558 statura
1192 2518 1237 2558 et
1260 2512 1591 2573 magnitudine
1608 2530 1710 2575 per-

61 2605 184 2652 fecte
207 2605 433 2652 convenit
454 2625 465 2660 3
504 2604 660 2651 differt
698 2611 859 2651 autem
885 2605 1056 2667 capitis
1089 2605 1336 2666 nigredine
1370 2607 1567 2653 omnino
1600 2607 1711 2654 defi-

62 2699 234 2755 ciente,
247 2699 389 2745 dorso
406 2698 594 2745 cinereo
611 2697 729 2760 (non
747 2697 1124 2760 fuscescente)et
1140 2698 1398 2761 remigibus
1415 2701 1710 2748 secundariis

62 2792 270 2839 exterius
291 2792 410 2839 albis
431 2812 441 2848 ;
472 2798 713 2839 caeterum
736 2792 938 2853 remiges
957 2791 1172 2853 primarii
1191 2798 1238 2839 et
1257 2794 1528 2840 secundarii
1546 2802 1710 2842 carent

63 2885 196 2947 apice
214 2886 334 2932 albo.
397 2885 481 2932 Me
501 2885 663 2947 judice
688 2885 806 2932 haec
825 2885 1054 2946 Fringilla
1075 2886 1242 2933 eodem
1264 2886 1407 2934 modo
1428 2888 1630 2935 refertur
1651 2889 1709 2934 ad

1417 2994 1444 3028 2
