1958 3308
1679 220 1703 259 9

47 379 197 417 strum
219 371 363 432 paulo
384 371 607 432 gracilius
628 377 675 416 et
697 371 848 431 magis
870 369 1199 416 acuminatum
1217 373 1304 422 est,
1322 383 1466 429 quam
1484 368 1532 414 in
1552 367 1700 415 Glan-

45 465 193 519 dario,
212 471 258 511 et
280 465 490 511 maxillae
512 481 631 526 apex
654 465 813 510 miuus
839 463 1059 510 inflexus.
1112 462 1263 508 Pedes
1289 461 1428 517 susci,
1448 478 1545 508 non
1565 463 1699 524 palli-

46 557 371 605 di.——Cetera
395 574 504 604 cum
533 557 798 604 Glandario
824 564 1114 618 congruunt.

177 769 378 816 Habitat
399 769 448 815 in
467 769 701 815 montium
722 768 1019 815 Altaicorum
1040 769 1264 815 altiorum
1286 768 1419 814 silvis
1435 767 1543 815 Pini
1561 767 1702 815 Cem-

45 864 139 910 brae
159 869 206 910 et
226 863 415 909 victitat
436 863 538 924 ejus
559 862 824 909 seminibus
845 883 855 918 ;
883 863 1028 909 etiam
1049 862 1222 923 hyeme
1242 878 1298 909 ea
1316 862 1422 908 loca
1442 878 1539 908 non
1559 863 1700 908 relin-

43 957 161 1018 quit.
212 956 473 1003 Evulsione
493 958 776 1003 nucleorum
799 962 1006 1002 rostrum
1029 972 1170 1017 saepe
1191 956 1424 1002 deteritur
1444 962 1488 1002 et
1510 956 1699 1017 laeviga—

43 1057 139 1106 tur,
159 1067 253 1113 qua
270 1066 318 1096 re
338 1051 507 1096 areolae
527 1049 689 1096 nitidae
706 1049 999 1105 formantur3
1028 1050 1264 1097 interdum
1287 1051 1428 1096 rostri
1447 1050 1699 1097 indumen-

43 1152 147 1192 tum
178 1160 408 1191 corneum
434 1145 517 1191 tali
546 1144 686 1190 modo
714 1144 997 1200 defricatur,
1034 1151 1087 1190 ut
1121 1159 1294 1205 magna
1318 1144 1525 1191 maxillae
1551 1160 1699 1191 osseae

42 1255 152 1301 pars
179 1238 654 1285 nudetur.—Incolis
680 1237 883 1284 Altaicis
909 1239 1010 1285 haec
1037 1238 1137 1284 avis
1165 1237 1447 1284 Kukscha
1473 1239 1680 1285 auditur.

173 1439 364 1487 Nomen
389 1441 497 1487 dedi
523 1440 572 1486 in
597 1441 830 1487 honorem
866 1441 1162 1487 celeberrimi
1189 1440 1469 1488 Academici
1496 1440 1696 1495 Brandt,

42 1535 214 1596 cuique
239 1534 368 1581 fama
394 1541 467 1582 sat
493 1535 610 1582 noti.

418 1897 663 1945 SYLVIA
708 1896 1132 1945 FLUVIATILIS
1170 1898 1317 1945 Wolf.

143 2086 277 2137 Meyer
301 2099 338 2123 u.
354 2085 461 2123 Wolf
476 2085 687 2123 Tascheub.
715 2086 748 2122 I.
771 2099 807 2135 p.
831 2098 920 2134 229.
943 2106 992 2114 —
1013 2086 1155 2123 Naum,
1178 2085 1298 2136 Vogel
1326 2085 1523 2123 Deutschl,
1554 2085 1633 2123 ΙΙΙ.
1655 2101 1692 2137 p=

36 2156 124 2204 694.
144 2177 197 2183 —-
217 2154 392 2193 Salicaria
419 2155 618 2192 fluviatilis
647 2155 821 2206 Keyserl.
851 2169 890 2192 u.
923 2155 1024 2192 Blas.
1043 2154 1246 2192 Wirbelth.
1278 2168 1315 2205 p.
1348 2156 1433 2193 180.
1461 2169 1499 2192 n.
1534 2165 1619 2203 197.
1642 2178 1694 2183 —.

175 2332 220 2379 S.
297 2350 442 2395 supra
458 2334 849 2391 olivaeeo-fusca,
869 2336 1439 2391 immaculata,—subtus
1457 2336 1691 2383 olivaceo-

305 2428 600 2484 fuscescens,
641 2428 910 2475 abdominis
946 2430 1103 2477 medio
1136 2431 1342 2492 gulaque
1379 2430 1566 2487 albidis,
1603 2430 1694 2477 hac

305 2521 946 2585 fusco-liturata‚—remige
972 2523 1126 2584 prima
1151 2523 1430 2569 tectricibus
1455 2523 1690 2580 breviore,

303 2615 480 2676 remige
507 2616 718 2662 secunda
745 2617 939 2677 reliquis
966 2617 1196 2676 longiore.

168 2804 559 2853 DESCRIPTIO.
634 2807 882 2863 Rostrum,
912 2823 1006 2869 quo
1045 2809 1104 2854 ad
1141 2808 1361 2863 formam,
1390 2810 1448 2856 ad
1477 2809 1689 2872 Sylviam

39 2898 323 2960 phragmitis
342 2901 542 2956 accedit,
557 2901 636 2947 sed
657 2907 765 2949 ante
785 2917 921 2947 nares
939 2903 1083 2963 paulo
1107 2904 1257 2963 magis
1275 2911 1578 2951 contractum
1602 2911 1689 2959 est,
