1958 3308
216 218 264 257 16

210 378 344 424 fulva
361 377 570 440 quidem,
590 383 645 424 ut
665 378 712 423 in
732 393 878 432 mare,
898 377 980 424 sed
999 377 1265 439 pallidiora,
1284 384 1330 423 et
1348 377 1545 439 insuper
1561 378 1671 438 gula
1687 376 1872 423 fulvida

209 487 398 533 semper
416 472 721 518 semicirculo
748 471 953 532 simplici
978 477 1082 517 atro
1108 471 1396 518 terminatur
1421 477 1466 517 et
1488 487 1515 516 a
1538 471 1708 532 jugulo
1734 486 1870 532 sepa-

210 572 359 620 ratur,
379 566 460 628 qui
487 566 696 612 circulus
723 567 771 611 in
799 581 929 611 mare
957 581 1204 626 nunquam
1232 564 1436 610 videtur.
1489 563 1710 610 Circulus
1737 565 1872 626 niger

203 658 428 720 jugulum
465 659 609 704 maris
636 658 873 715 ambiens,
899 675 923 705 e
951 659 1171 705 taeniolis
1197 657 1376 704 crebris
1403 658 1691 704 transversis
1721 658 1870 720 nigris

209 753 526 814 compositus,
555 753 603 797 in
630 751 810 798 femina
835 752 1033 798 omnino
1060 752 1207 806 deest,
1230 751 1311 797 sed
1334 751 1561 813 jugulum
1586 752 1871 798 cinereo-vi-

209 862 410 893 naceum
434 846 666 892 continuo
686 846 735 891 in
755 852 925 907 pectus
946 847 1144 902 transit;
1178 852 1348 907 pectus
1370 845 1554 907 postice
1573 846 1770 892 albescit
1791 866 1861 899 ;—

208 940 522 1002 epigastrium
561 940 982 995 atro-brunneum,
1023 940 1089 997 (in
1131 955 1260 985 mare
1301 937 1483 998 atrum)
1504 959 1597 995 ;--
1614 946 1780 986 venter
1822 947 1868 985 et

208 1034 409 1080 crissum
440 1034 562 1088 alba,
592 1040 645 1080 ut
670 1034 719 1079 in
746 1049 877 1080 mare
897 1033 1201 1089 ;—tectrices
1236 1033 1420 1078 alarum
1447 1033 1643 1094 primae,
1672 1049 1793 1094 quae
1820 1033 1869 1078 in

208 1143 337 1173 mare
358 1127 711 1183 immaculatae,
734 1128 783 1173 in
804 1127 983 1173 femina
1009 1127 1427 1181 atro-maculatae,
1447 1126 1545 1172 fere
1571 1127 1740 1173 eodem
1769 1142 1866 1172 mo-

207 1222 267 1268 do
288 1238 342 1268 ac
363 1222 575 1276 dorsum,
594 1222 660 1268 ita
683 1229 731 1267 ut
753 1237 970 1283 quaeque
991 1221 1208 1282 plumula
1228 1227 1339 1266 ante
1357 1220 1543 1282 apicem
1563 1220 1748 1267 macula
1765 1227 1867 1266 atra

206 1323 373 1363 notata
398 1316 473 1362 sit.
548 1316 764 1377 Reliquis
790 1315 972 1362 femina
997 1332 1024 1362 a
1051 1331 1179 1361 mare
1205 1330 1302 1361 non
1329 1315 1500 1361 differt.

339 1490 459 1536 Avis
479 1505 587 1536 vere
607 1490 803 1536 exclusa
823 1489 924 1550 jam
946 1490 1169 1550 Augusto
1192 1503 1355 1535 mense
1377 1489 1565 1549 plumas
1586 1492 1800 1543 novavit,
1820 1495 1867 1535 et

207 1591 322 1630 tunc
350 1600 516 1645 parum
552 1584 610 1630 ab
650 1584 827 1630 adultis
861 1583 1034 1639 differt,
1063 1599 1174 1629 cum
1205 1583 1398 1637 femina,
1428 1589 1531 1629 tum
1563 1598 1681 1638 inas,
1708 1583 1775 1629 ita
1812 1589 1873 1628 ut‘

206 1677 355 1739 signis
395 1693 541 1739 supra
580 1677 740 1723 relatis
781 1692 922 1722 sexus
963 1676 1186 1722 facillime
1223 1676 1451 1737 cognosci
1489 1675 1674 1737 possit;
1719 1675 1863 1722 etiam

205 1786 392 1832 pennae
419 1771 541 1817 duae
567 1771 794 1818 candales
825 1771 1076 1832 elongatae
1106 1770 1208 1831 jam
1235 1769 1428 1825 adsunt,
1452 1785 1744 1831 quamquam
1779 1770 1864 1815 mi-

207 1880 360 1910 nores.
434 1865 511 1910 Ab
546 1865 722 1911 adultis
753 1872 914 1911 autem
950 1864 1108 1910 differt
1134 1864 1234 1909 avis
1269 1863 1502 1910 annotina
1533 1863 1865 1924 magnitudine

206 1956 390 2002 minore
417 1963 463 2002 et
490 1957 730 2003 coloribus
756 1956 917 2003 minus
944 1955 1260 2017 elegantibus.

338 2128 520 2176 Volant
547 2145 659 2176 aves
682 2128 869 2190 magnis
890 2127 1077 2183 turmis,
1100 2142 1196 2172 non
1217 2125 1474 2182 solitariae,
1494 2126 1542 2171 in
1570 2126 1755 2187 campis
1776 2127 1863 2172 ari-

208 2224 281 2269 dis
301 2229 347 2269 et
371 2223 584 2269 arenosis
605 2223 778 2269 deserti
796 2221 1039 2284 Kirgisici‚
1058 2237 1084 2267 a
1104 2220 1223 2266 mari
1241 2219 1419 2281 Caspio
1439 2235 1589 2281 usque
1606 2219 1665 2265 ad
1679 2218 1864 2266 Chinae

208 2317 688 2364 fines.—Narrantur
712 2333 811 2374 eae,
834 2317 873 2363 si
900 2316 957 2363 ad
984 2316 1166 2362 fontem
1196 2314 1515 2377 pervenerint,
1542 2314 1687 2359 talem
1713 2329 1863 2375 aquae

207 2412 395 2473 copiam
418 2411 595 2467 bibere,
618 2418 668 2457 ut
690 2411 881 2457 evolare
910 2425 1004 2456 non
1025 2410 1232 2465 valeant,
1255 2409 1321 2455 ita
1347 2415 1400 2454 ut
1426 2407 1571 2454 homo
1598 2406 1756 2453 subito
1782 2407 1863 2453 ad-

209 2521 406 2552 currens
432 2521 511 2552 eas
538 2505 760 2552 manibus
786 2520 956 2566 capere
981 2503 1148 2564 possit.
