1958 3308
241 243 293 283 30
526 223 780 268 ADDENDA
823 238 887 267 AD
926 223 1170 268 PALLASH
1212 223 1608 268 ZoocaAPfflAM.

238 399 428 452 praeter
474 392 714 445 colorem,
762 391 969 436 maxime
1016 389 1182 436 differt
1230 389 1288 435 ab
1332 388 1629 435 Onocrotalo
1675 389 1892 449 vulgari,

239 492 285 531 et
356 485 458 531 sine
529 485 674 530 dubio
745 485 955 546 speciem
1026 484 1318 544 singularem
1391 482 1545 528 refert.
1596 510 1662 515 —
1698 480 1896 527 Vernali

237 587 454 641 tempore
497 580 610 624 anni
659 578 900 641 1829-ni,
951 593 1059 623 cum
1105 593 1189 638 per
1232 593 1314 623 sex
1365 577 1688 623 hebdomades
1731 577 1782 622 in
1823 576 1894 622 in—

238 674 408 719 feriore
455 672 595 718 Jaico
638 671 829 733 (Ural)
880 672 1038 717 fluvio
1088 672 1363 726 haererem,
1415 678 1461 717 et
1510 686 1622 716 aves
1673 672 1895 731 migrato-

239 766 331 812 rias
356 804 365 822 ,
409 766 668 827 quotannis
705 766 929 812 immensi
971 765 1108 827 copia
1147 765 1290 811 fluvii
1326 765 1640 811 directionem
1685 764 1894 824 migran-

239 862 300 906 do
362 867 617 922 sequentes
677 860 1017 915 observarem,
1081 859 1197 904 mihi
1249 859 1487 921 contigit,
1550 865 1603 904 ut
1663 858 1896 903 Pelecano

238 955 560 1017 pulcherrime
619 970 755 1000 roseo
816 954 999 1015 potitus
1056 954 1178 1008 sim,
1242 959 1288 999 et
1349 953 1710 1014 comparatione
1767 951 1896 996 illius

237 1066 347 1095 cum
391 1049 688 1095 Onocrotalo
740 1049 925 1109 vulgari
975 1063 1198 1109 magnam
1245 1063 1409 1093 earum
1450 1046 1777 1092 differentiam
1829 1045 1895 1091 fa-

238 1145 326 1191 cile
370 1144 599 1190 intellexi.
637 1170 702 1175 -—
738 1143 917 1189 Incolis
960 1141 1185 1188 Cosaccis
1235 1143 1353 1187 bene
1405 1150 1571 1187 notum
1617 1147 1720 1195 est,
1762 1139 1893 1185 Pele-

237 1254 412 1284 canum
452 1238 584 1283 illum
638 1250 831 1282 roseum
881 1236 1229 1297 quotannisper
1272 1237 1352 1282 illa
1406 1237 1510 1282 loca
1564 1235 1893 1289 transvolare,

238 1349 529 1395 quamquam
587 1332 635 1376 in
686 1347 834 1392 parva
879 1331 1019 1392 copia
1072 1333 1117 1387 (:
1159 1345 1221 1393 4,
1269 1327 1298 1376 6
1349 1331 1406 1376 ad
1456 1333 1478 1375 8
1528 1329 1775 1391 conjuncti
1815 1331 1894 1386 :);

239 1443 468 1488 quorsum
510 1432 671 1472 autem
707 1425 1046 1486 transmigrat,
1085 1425 1179 1471 illis
1219 1426 1439 1486 ignotum
1477 1431 1582 1477 est3
1621 1423 1668 1469 in
1708 1422 1895 1468 territo-

238 1522 309 1567 rio
382 1521 560 1567 rossico
632 1520 756 1566 haud
830 1526 1045 1565 remanet
1118 1535 1248 1565 more
1302 1517 1587 1564 Onocrotali
1651 1517 1894 1578 vulgaris,

239 1632 379 1677 quem
420 1616 539 1661 bene
577 1615 634 1660 ab
672 1615 753 1659 illo
792 1614 1100 1674 dignoscunt.

588 1867 984 1915 DESCRIPTIO
1035 1864 1546 1913 COMPARATIVA.

382 2057 685 2102 PELECANUS
718 2071 919 2102 ROSEUS.
1122 2055 1424 2101 PELECANUS
1464 2053 1857 2100 ONOCROTALUS.

309 2294 442 2341 Mole
479 2294 575 2341 sere
614 2294 761 2355 duplo
798 2293 967 2354 major.
1143 2289 1276 2336 Mole
1315 2289 1482 2335 minor.

311 2465 515 2511 Maxilla
563 2464 695 2510 flava
748 2463 957 2509 culmine
1009 2462 1064 2507 li·
1144 2461 1375 2506 Rostrum
1436 2457 1667 2510 lividum,
1741 2455 1899 2502 dertro

246 2583 638 2638 vido-coerule0‚
689 2581 849 2627 dertro
894 2578 1358 2625 tomio-lutescente.

245 2716 338 2762 que
369 2700 541 2746 rubris.
616 2696 902 2744 Mandibula
933 2694 1066 2756 apice

246 2820 407 2874 flava,
464 2819 566 2864 basi
625 2815 1062 2868 livido-coerulea,

247 2939 397 2985 tomio
433 2939 591 2984 rubro.
