<?xml version="1.0" encoding="UTF-8"?>
<!DOCTYPE html PUBLIC "-//W3C//DTD XHTML 1.0 Transitional//EN"
    "http://www.w3.org/TR/xhtml1/DTD/xhtml1-transitional.dtd">
<html xmlns="http://www.w3.org/1999/xhtml" xml:lang="en" lang="en">
 <head>
  <title>
</title>
<meta http-equiv="Content-Type" content="text/html;charset=utf-8" />
  <meta name='ocr-system' content='tesseract 3.04.00' />
  <meta name='ocr-capabilities' content='ocr_page ocr_carea ocr_par ocr_line ocrx_word'/>
</head>
<body>
  <div class='ocr_page' id='page_1' title='image "./reprintofeversma00ever_0042.png"; bbox 0 0 1958 3308; ppageno 0'>
   <div class='ocr_carea' id='block_1_1' title="bbox 235 209 1609 259">
    <p class='ocr_par' dir='ltr' id='par_1_1' title="bbox 235 209 1609 259">
     <span class='ocr_line' id='line_1_1' title="bbox 235 209 1609 259; baseline 0.003 -5"><span class='ocrx_word' id='word_1_1' title='bbox 235 214 285 254; x_wconf 89' lang='lat'>28</span> <span class='ocrx_word' id='word_1_2' title='bbox 517 209 777 255; x_wconf 85' lang='lat' dir='ltr'><strong>ADDENDA</strong></span> <span class='ocrx_word' id='word_1_3' title='bbox 817 226 882 256; x_wconf 83' lang='lat' dir='ltr'>AD</span> <span class='ocrx_word' id='word_1_4' title='bbox 923 210 1166 259; x_wconf 78' lang='lat' dir='ltr'>PALLAsu</span> <span class='ocrx_word' id='word_1_5' title='bbox 1209 211 1609 259; x_wconf 77' lang='lat' dir='ltr'><strong>ZOOGRAPHIAM.</strong></span> 
     </span>
    </p>
   </div>
   <div class='ocr_carea' id='block_1_2' title="bbox 228 375 1894 1569">
    <p class='ocr_par' dir='ltr' id='par_1_2' title="bbox 228 375 1894 1569">
     <span class='ocr_line' id='line_1_2' title="bbox 231 375 1894 442; baseline 0.004 -21"><span class='ocrx_word' id='word_1_6' title='bbox 231 375 329 422; x_wconf 87' lang='lat' dir='ltr'>rice</span> <span class='ocrx_word' id='word_1_7' title='bbox 370 378 423 435; x_wconf 79' lang='lat' dir='ltr'>z),</span> <span class='ocrx_word' id='word_1_8' title='bbox 459 393 580 438; x_wconf 87' lang='lat' dir='ltr'>quae</span> <span class='ocrx_word' id='word_1_9' title='bbox 624 378 834 441; x_wconf 79' lang='lat' dir='ltr'>Mosqua</span> <span class='ocrx_word' id='word_1_10' title='bbox 869 379 1204 442; x_wconf 88' lang='lat' dir='ltr'>Onithophilis</span> <span class='ocrx_word' id='word_1_11' title='bbox 1241 381 1563 427; x_wconf 86' lang='lat' dir='ltr'>adducuntur.</span> <span class='ocrx_word' id='word_1_12' title='bbox 1638 380 1693 428; x_wconf 89' lang='lat' dir='ltr'>C.</span> <span class='ocrx_word' id='word_1_13' title='bbox 1729 380 1894 428; x_wconf 83' lang='lat' dir='ltr'>Oenas</span> 
     </span>
     <span class='ocr_line' id='line_1_3' title="bbox 234 470 1894 534; baseline 0.004 -19"><span class='ocrx_word' id='word_1_14' title='bbox 234 470 394 516; x_wconf 85' lang='lat' dir='ltr'>colore</span> <span class='ocrx_word' id='word_1_15' title='bbox 439 472 647 518; x_wconf 81' lang='lat' dir='ltr'>maxime</span> <span class='ocrx_word' id='word_1_16' title='bbox 691 474 882 528; x_wconf 84' lang='lat' dir='ltr'>variat,</span> <span class='ocrx_word' id='word_1_17' title='bbox 934 490 1083 534; x_wconf 86' lang='lat' dir='ltr'>quum</span> <span class='ocrx_word' id='word_1_18' title='bbox 1128 474 1177 520; x_wconf 84' lang='lat' dir='ltr'>in</span> <span class='ocrx_word' id='word_1_19' title='bbox 1216 482 1342 521; x_wconf 87' lang='lat' dir='ltr'>statu</span> <span class='ocrx_word' id='word_1_20' title='bbox 1389 475 1655 521; x_wconf 87' lang='lat' dir='ltr'>domestico</span> <span class='ocrx_word' id='word_1_21' title='bbox 1698 484 1800 521; x_wconf 88' lang='lat' dir='ltr'>tum</span> <span class='ocrx_word' id='word_1_22' title='bbox 1845 476 1894 521; x_wconf 89' lang='lat' dir='ltr'>in</span> 
     </span>
     <span class='ocr_line' id='line_1_4' title="bbox 232 566 1892 630; baseline 0.004 -21"><span class='ocrx_word' id='word_1_23' title='bbox 232 570 515 625; x_wconf 85' lang='lat' dir='ltr'>spontaneo:</span> <span class='ocrx_word' id='word_1_24' title='bbox 556 566 604 611; x_wconf 86' lang='lat' dir='ltr'>in</span> <span class='ocrx_word' id='word_1_25' title='bbox 642 567 841 613; x_wconf 82' lang='lat' dir='ltr'>urbibus</span> <span class='ocrx_word' id='word_1_26' title='bbox 876 584 998 628; x_wconf 88' lang='lat' dir='ltr'>quae</span> <span class='ocrx_word' id='word_1_27' title='bbox 1026 571 1346 629; x_wconf 85' lang='lat' dir='ltr'>reperiuntur,</span> <span class='ocrx_word' id='word_1_28' title='bbox 1378 569 1659 630; x_wconf 87' lang='lat' dir='ltr'>plerumque</span> <span class='ocrx_word' id='word_1_29' title='bbox 1686 570 1892 630; x_wconf 86' lang='lat' dir='ltr'>alicujus</span> 
     </span>
     <span class='ocr_line' id='line_1_5' title="bbox 231 657 1890 723; baseline 0.003 -20"><span class='ocrx_word' id='word_1_30' title='bbox 231 657 415 703; x_wconf 89' lang='lat' dir='ltr'>domini</span> <span class='ocrx_word' id='word_1_31' title='bbox 453 666 584 713; x_wconf 86' lang='lat' dir='ltr'>sunt,</span> <span class='ocrx_word' id='word_1_32' title='bbox 612 659 662 704; x_wconf 89' lang='lat' dir='ltr'>in</span> <span class='ocrx_word' id='word_1_33' title='bbox 700 661 836 721; x_wconf 86' lang='lat' dir='ltr'>pagis</span> <span class='ocrx_word' id='word_1_34' title='bbox 871 668 1030 707; x_wconf 84' lang='lat' dir='ltr'>autem</span> <span class='ocrx_word' id='word_1_35' title='bbox 1070 677 1208 707; x_wconf 87' lang='lat' dir='ltr'>nemo</span> <span class='ocrx_word' id='word_1_36' title='bbox 1243 662 1348 707; x_wconf 80' lang='lat' dir='ltr'>illas</span> <span class='ocrx_word' id='word_1_37' title='bbox 1388 662 1519 717; x_wconf 85' lang='lat' dir='ltr'>colit,</span> <span class='ocrx_word' id='word_1_38' title='bbox 1559 669 1606 708; x_wconf 88' lang='lat' dir='ltr'>et</span> <span class='ocrx_word' id='word_1_39' title='bbox 1641 678 1890 723; x_wconf 79' lang='lat' dir='ltr'>passerum</span> 
     </span>
     <span class='ocr_line' id='line_1_6' title="bbox 229 751 1889 816; baseline 0.004 -20"><span class='ocrx_word' id='word_1_40' title='bbox 229 751 382 797; x_wconf 85' lang='lat' dir='ltr'>instar</span> <span class='ocrx_word' id='word_1_41' title='bbox 423 752 471 797; x_wconf 88' lang='lat' dir='ltr'>in</span> <span class='ocrx_word' id='word_1_42' title='bbox 514 753 782 813; x_wconf 79' lang='lat' dir='ltr'>tegminum</span> <span class='ocrx_word' id='word_1_43' title='bbox 827 755 1056 800; x_wconf 78' lang='lat' dir='ltr'>stramine</span> <span class='ocrx_word' id='word_1_44' title='bbox 1099 763 1181 801; x_wconf 87' lang='lat' dir='ltr'>aut</span> <span class='ocrx_word' id='word_1_45' title='bbox 1225 755 1312 801; x_wconf 88' lang='lat' dir='ltr'>sub</span> <span class='ocrx_word' id='word_1_46' title='bbox 1355 756 1680 816; x_wconf 85' lang='lat' dir='ltr'>tegminibus,</span> <span class='ocrx_word' id='word_1_47' title='bbox 1728 757 1798 803; x_wconf 84' lang='lat' dir='ltr'>vel</span> <span class='ocrx_word' id='word_1_48' title='bbox 1839 757 1889 802; x_wconf 91' lang='lat' dir='ltr'>in</span> 
     </span>
     <span class='ocr_line' id='line_1_7' title="bbox 231 846 1890 913; baseline 0.004 -22"><span class='ocrx_word' id='word_1_49' title='bbox 231 846 402 892; x_wconf 83' lang='lat' dir='ltr'>ceteris</span> <span class='ocrx_word' id='word_1_50' title='bbox 461 847 580 892; x_wconf 85' lang='lat' dir='ltr'>locis</span> <span class='ocrx_word' id='word_1_51' title='bbox 636 848 761 909; x_wconf 87' lang='lat' dir='ltr'>aptis</span> <span class='ocrx_word' id='word_1_52' title='bbox 821 849 1096 904; x_wconf 78' lang='lat' dir='ltr'>nidificant,</span> <span class='ocrx_word' id='word_1_53' title='bbox 1146 856 1193 895; x_wconf 83' lang='lat' dir='ltr'>et</span> <span class='ocrx_word' id='word_1_54' title='bbox 1253 850 1426 910; x_wconf 74' lang='lat' dir='ltr'>hyeme</span> <span class='ocrx_word' id='word_1_55' title='bbox 1481 866 1577 896; x_wconf 86' lang='lat' dir='ltr'>non</span> <span class='ocrx_word' id='word_1_56' title='bbox 1632 851 1890 913; x_wconf 84' lang='lat' dir='ltr'>transmig-</span> 
     </span>
     <span class='ocr_line' id='line_1_8' title="bbox 230 941 1890 1004; baseline 0.003 -18"><span class='ocrx_word' id='word_1_57' title='bbox 230 947 373 995; x_wconf 88' lang='lat' dir='ltr'>rant;</span> <span class='ocrx_word' id='word_1_58' title='bbox 423 941 600 1002; x_wconf 83' lang='lat' dir='ltr'>pariter</span> <span class='ocrx_word' id='word_1_59' title='bbox 648 948 694 988; x_wconf 85' lang='lat' dir='ltr'>et</span> <span class='ocrx_word' id='word_1_60' title='bbox 737 942 784 988; x_wconf 86' lang='lat' dir='ltr'>in</span> <span class='ocrx_word' id='word_1_61' title='bbox 831 943 1008 1004; x_wconf 84' lang='lat' dir='ltr'>sylvis,</span> <span class='ocrx_word' id='word_1_62' title='bbox 1060 943 1108 989; x_wconf 90' lang='lat' dir='ltr'>in</span> <span class='ocrx_word' id='word_1_63' title='bbox 1155 944 1405 999; x_wconf 86' lang='lat' dir='ltr'>cavernis,</span> <span class='ocrx_word' id='word_1_64' title='bbox 1456 944 1504 989; x_wconf 88' lang='lat' dir='ltr'>in</span> <span class='ocrx_word' id='word_1_65' title='bbox 1550 944 1708 998; x_wconf 86' lang='lat' dir='ltr'>saxis,</span> <span class='ocrx_word' id='word_1_66' title='bbox 1762 945 1890 992; x_wconf 84' lang='lat' dir='ltr'>litto-</span> 
     </span>
     <span class='ocr_line' id='line_1_9' title="bbox 230 1034 1891 1099; baseline 0.003 -19"><span class='ocrx_word' id='word_1_67' title='bbox 230 1034 361 1081; x_wconf 85' lang='lat' dir='ltr'>ribus</span> <span class='ocrx_word' id='word_1_68' title='bbox 422 1037 724 1098; x_wconf 83' lang='lat' dir='ltr'>praeruptis,</span> <span class='ocrx_word' id='word_1_69' title='bbox 776 1037 1043 1098; x_wconf 83' lang='lat' dir='ltr'>ceterisque</span> <span class='ocrx_word' id='word_1_70' title='bbox 1105 1038 1221 1083; x_wconf 84' lang='lat' dir='ltr'>locis</span> <span class='ocrx_word' id='word_1_71' title='bbox 1281 1038 1478 1083; x_wconf 82' lang='lat' dir='ltr'>incultis</span> <span class='ocrx_word' id='word_1_72' title='bbox 1529 1039 1891 1099; x_wconf 84' lang='lat' dir='ltr'>vulgatissimae</span> 
     </span>
     <span class='ocr_line' id='line_1_10' title="bbox 228 1129 1890 1194; baseline 0.002 -20"><span class='ocrx_word' id='word_1_73' title='bbox 228 1129 564 1190; x_wconf 85' lang='lat' dir='ltr'>reperiuntur,</span> <span class='ocrx_word' id='word_1_74' title='bbox 611 1136 658 1176; x_wconf 85' lang='lat' dir='ltr'>et</span> <span class='ocrx_word' id='word_1_75' title='bbox 699 1130 786 1176; x_wconf 85' lang='lat' dir='ltr'>hae</span> <span class='ocrx_word' id='word_1_76' title='bbox 826 1131 1000 1190; x_wconf 87' lang='lat' dir='ltr'>partim</span> <span class='ocrx_word' id='word_1_77' title='bbox 1045 1132 1421 1192; x_wconf 83' lang='lat' dir='ltr'>transmigrant,</span> <span class='ocrx_word' id='word_1_78' title='bbox 1467 1132 1626 1193; x_wconf 84' lang='lat' dir='ltr'>partin</span> <span class='ocrx_word' id='word_1_79' title='bbox 1669 1133 1733 1178; x_wconf 91' lang='lat' dir='ltr'>ibi</span> <span class='ocrx_word' id='word_1_80' title='bbox 1774 1132 1890 1194; x_wconf 79' lang='lat' dir='ltr'>hye-</span> 
     </span>
     <span class='ocr_line' id='line_1_11' title="bbox 230 1223 1889 1287; baseline 0.002 -18"><span class='ocrx_word' id='word_1_81' title='bbox 230 1230 379 1269; x_wconf 85' lang='lat' dir='ltr'>mant.</span> <span class='ocrx_word' id='word_1_82' title='bbox 454 1223 517 1269; x_wconf 88' lang='lat' dir='ltr'>In</span> <span class='ocrx_word' id='word_1_83' title='bbox 555 1225 803 1286; x_wconf 83' lang='lat' dir='ltr'>provincia</span> <span class='ocrx_word' id='word_1_84' title='bbox 841 1224 1206 1287; x_wconf 87' lang='lat' dir='ltr'>Orenburgensi</span> <span class='ocrx_word' id='word_1_85' title='bbox 1247 1226 1611 1287; x_wconf 85' lang='lat' dir='ltr'>copiosissimae</span> <span class='ocrx_word' id='word_1_86' title='bbox 1650 1233 1798 1281; x_wconf 86' lang='lat' dir='ltr'>sunt,</span> <span class='ocrx_word' id='word_1_87' title='bbox 1843 1236 1889 1273; x_wconf 88' lang='lat' dir='ltr'>et</span> 
     </span>
     <span class='ocr_line' id='line_1_12' title="bbox 228 1317 1890 1385; baseline 0.002 -23"><span class='ocrx_word' id='word_1_88' title='bbox 228 1318 276 1362; x_wconf 90' lang='lat' dir='ltr'>in</span> <span class='ocrx_word' id='word_1_89' title='bbox 319 1317 455 1379; x_wconf 81' lang='lat' dir='ltr'>pagis</span> <span class='ocrx_word' id='word_1_90' title='bbox 499 1324 546 1364; x_wconf 89' lang='lat' dir='ltr'>et</span> <span class='ocrx_word' id='word_1_91' title='bbox 583 1318 631 1364; x_wconf 90' lang='lat' dir='ltr'>in</span> <span class='ocrx_word' id='word_1_92' title='bbox 670 1318 789 1364; x_wconf 83' lang='lat' dir='ltr'>locis</span> <span class='ocrx_word' id='word_1_93' title='bbox 832 1319 1027 1365; x_wconf 85' lang='lat' dir='ltr'>incultis</span> <span class='ocrx_word' id='word_1_94' title='bbox 1053 1319 1151 1385; x_wconf 13' lang='lat' dir='ltr'>‚gin</span> <span class='ocrx_word' id='word_1_95' title='bbox 1195 1319 1356 1374; x_wconf 84' lang='lat' dir='ltr'>saxis,</span> <span class='ocrx_word' id='word_1_96' title='bbox 1396 1326 1505 1375; x_wconf 82' lang='lat' dir='ltr'>etc3</span> <span class='ocrx_word' id='word_1_97' title='bbox 1556 1320 1602 1365; x_wconf 86' lang='lat' dir='ltr'>in</span> <span class='ocrx_word' id='word_1_98' title='bbox 1645 1320 1890 1366; x_wconf 87' lang='lat' dir='ltr'>montibus</span> 
     </span>
     <span class='ocr_line' id='line_1_13' title="bbox 229 1410 1889 1473; baseline 0.002 -17"><span class='ocrx_word' id='word_1_99' title='bbox 229 1410 549 1457; x_wconf 80' lang='lat' dir='ltr'>Uralensibus</span> <span class='ocrx_word' id='word_1_100' title='bbox 598 1412 809 1473; x_wconf 84' lang='lat' dir='ltr'>ubique,</span> <span class='ocrx_word' id='word_1_101' title='bbox 861 1428 972 1458; x_wconf 85' lang='lat' dir='ltr'>cum</span> <span class='ocrx_word' id='word_1_102' title='bbox 1023 1413 1092 1459; x_wconf 84' lang='lat' dir='ltr'>cis</span> <span class='ocrx_word' id='word_1_103' title='bbox 1142 1419 1246 1459; x_wconf 89' lang='lat' dir='ltr'>tum</span> <span class='ocrx_word' id='word_1_104' title='bbox 1296 1414 1421 1459; x_wconf 84' lang='lat' dir='ltr'>ultra</span> <span class='ocrx_word' id='word_1_105' title='bbox 1470 1429 1585 1469; x_wconf 75' lang='lat' dir='ltr'>eOS,</span> <span class='ocrx_word' id='word_1_106' title='bbox 1640 1414 1889 1460; x_wconf 85' lang='lat' dir='ltr'>immensis</span> 
     </span>
     <span class='ocr_line' id='line_1_14' title="bbox 229 1505 1888 1569; baseline 0.002 -19"><span class='ocrx_word' id='word_1_107' title='bbox 229 1505 401 1551; x_wconf 87' lang='lat' dir='ltr'>turmis</span> <span class='ocrx_word' id='word_1_108' title='bbox 443 1505 492 1550; x_wconf 89' lang='lat' dir='ltr'>in</span> <span class='ocrx_word' id='word_1_109' title='bbox 530 1505 620 1551; x_wconf 89' lang='lat' dir='ltr'>viis</span> <span class='ocrx_word' id='word_1_110' title='bbox 664 1512 710 1551; x_wconf 84' lang='lat' dir='ltr'>et</span> <span class='ocrx_word' id='word_1_111' title='bbox 752 1506 923 1552; x_wconf 83' lang='lat' dir='ltr'>ceteris</span> <span class='ocrx_word' id='word_1_112' title='bbox 966 1507 1083 1552; x_wconf 82' lang='lat' dir='ltr'>locis</span> <span class='ocrx_word' id='word_1_113' title='bbox 1137 1507 1333 1554; x_wconf 86' lang='lat' dir='ltr'>incultis</span> <span class='ocrx_word' id='word_1_114' title='bbox 1376 1507 1609 1569; x_wconf 89' lang='lat' dir='ltr'>pabulum</span> <span class='ocrx_word' id='word_1_115' title='bbox 1660 1508 1888 1569; x_wconf 86' lang='lat' dir='ltr'>colligen-</span> 
     </span>
    </p>
   </div>
   <div class='ocr_carea' id='block_1_3' title="bbox 227 1599 1886 1662">
    <p class='ocr_par' dir='ltr' id='par_1_3' title="bbox 227 1599 1886 1662">
     <span class='ocr_line' id='line_1_15' title="bbox 227 1599 1886 1662; baseline 0.002 -18"><span class='ocrx_word' id='word_1_116' title='bbox 227 1606 299 1645; x_wconf 83' lang='lat' dir='ltr'>tes</span> <span class='ocrx_word' id='word_1_117' title='bbox 342 1599 690 1655; x_wconf 81' lang='lat' dir='ltr'>inveniuntur3</span> <span class='ocrx_word' id='word_1_118' title='bbox 745 1601 860 1662; x_wconf 90' lang='lat' dir='ltr'>quid</span> <span class='ocrx_word' id='word_1_119' title='bbox 917 1601 1111 1647; x_wconf 80' lang='lat' dir='ltr'>multa?</span> <span class='ocrx_word' id='word_1_120' title='bbox 1167 1602 1426 1648; x_wconf 78' lang='lat' dir='ltr'>transitum</span> <span class='ocrx_word' id='word_1_121' title='bbox 1470 1601 1886 1648; x_wconf 87' lang='lat' dir='ltr'>evidentissimum</span> 
     </span>
    </p>
   </div>
   <div class='ocr_carea' id='block_1_4' title="bbox 228 1695 1958 1755">
    <p class='ocr_par' dir='ltr' id='par_1_4' title="bbox 228 1695 1958 1755">
     <span class='ocr_line' id='line_1_16' title="bbox 228 1695 1958 1755; baseline 0.001 -15"><span class='ocrx_word' id='word_1_122' title='bbox 228 1710 255 1740; x_wconf 90' lang='lat' dir='ltr'>a</span> <span class='ocrx_word' id='word_1_123' title='bbox 291 1699 420 1740; x_wconf 87' lang='lat' dir='ltr'>statu</span> <span class='ocrx_word' id='word_1_124' title='bbox 459 1701 727 1755; x_wconf 81' lang='lat' dir='ltr'>spontaneo</span> <span class='ocrx_word' id='word_1_125' title='bbox 763 1695 811 1740; x_wconf 87' lang='lat' dir='ltr'>in</span> <span class='ocrx_word' id='word_1_126' title='bbox 851 1695 1172 1742; x_wconf 84' lang='lat' dir='ltr'>domesticum</span> <span class='ocrx_word' id='word_1_127' title='bbox 1201 1696 1423 1741; x_wconf 87' lang='lat' dir='ltr'>videmus</span> <span class='ocrx_word' id='word_1_128' title='bbox 1460 1702 1506 1741; x_wconf 89' lang='lat' dir='ltr'>et</span> <span class='ocrx_word' id='word_1_129' title='bbox 1544 1695 1669 1741; x_wconf 83' lang='lat' dir='ltr'>hanc</span> <span class='ocrx_word' id='word_1_130' title='bbox 1707 1696 1889 1742; x_wconf 88' lang='lat' dir='ltr'>colum·</span> <span class='ocrx_word' id='word_1_131' title='bbox 1955 1713 1958 1716; x_wconf 94' lang='lat'>·</span> 
     </span>
    </p>
   </div>
   <div class='ocr_carea' id='block_1_5' title="bbox 228 1788 1888 1946">
    <p class='ocr_par' dir='ltr' id='par_1_5' title="bbox 228 1788 1888 1946">
     <span class='ocr_line' id='line_1_17' title="bbox 228 1788 1888 1849; baseline 0.002 -16"><span class='ocrx_word' id='word_1_132' title='bbox 228 1788 337 1834; x_wconf 88' lang='lat' dir='ltr'>bam</span> <span class='ocrx_word' id='word_1_133' title='bbox 386 1788 542 1849; x_wconf 88' lang='lat' dir='ltr'>ipsam</span> <span class='ocrx_word' id='word_1_134' title='bbox 591 1789 649 1834; x_wconf 91' lang='lat' dir='ltr'>ad</span> <span class='ocrx_word' id='word_1_135' title='bbox 700 1789 922 1835; x_wconf 89' lang='lat' dir='ltr'>homines</span> <span class='ocrx_word' id='word_1_136' title='bbox 970 1789 1193 1845; x_wconf 85' lang='lat' dir='ltr'>venisse,</span> <span class='ocrx_word' id='word_1_137' title='bbox 1246 1797 1293 1836; x_wconf 88' lang='lat' dir='ltr'>et</span> <span class='ocrx_word' id='word_1_138' title='bbox 1343 1790 1563 1835; x_wconf 86' lang='lat' dir='ltr'>homines</span> <span class='ocrx_word' id='word_1_139' title='bbox 1612 1790 1742 1836; x_wconf 84' lang='lat' dir='ltr'>illam</span> <span class='ocrx_word' id='word_1_140' title='bbox 1792 1805 1888 1836; x_wconf 85' lang='lat' dir='ltr'>non</span> 
     </span>
     <span class='ocr_line' id='line_1_18' title="bbox 229 1882 1886 1946; baseline 0.002 -19"><span class='ocrx_word' id='word_1_141' title='bbox 229 1882 439 1928; x_wconf 84' lang='lat' dir='ltr'>cicurem</span> <span class='ocrx_word' id='word_1_142' title='bbox 491 1882 660 1929; x_wconf 86' lang='lat' dir='ltr'>secisse</span> <span class='ocrx_word' id='word_1_143' title='bbox 708 1883 1089 1944; x_wconf 83' lang='lat' dir='ltr'>cognoscimus3</span> <span class='ocrx_word' id='word_1_144' title='bbox 1140 1884 1296 1945; x_wconf 91' lang='lat' dir='ltr'>primo</span> <span class='ocrx_word' id='word_1_145' title='bbox 1343 1882 1633 1938; x_wconf 88' lang='lat' dir='ltr'>frumentis,</span> <span class='ocrx_word' id='word_1_146' title='bbox 1684 1884 1760 1930; x_wconf 86' lang='lat' dir='ltr'>vel</span> <span class='ocrx_word' id='word_1_147' title='bbox 1809 1900 1886 1946; x_wconf 86' lang='lat' dir='ltr'>ge-</span> 
     </span>
    </p>
   </div>
   <div class='ocr_carea' id='block_1_6' title="bbox 227 1976 1649 2038">
    <p class='ocr_par' dir='ltr' id='par_1_6' title="bbox 227 1976 1649 2038">
     <span class='ocr_line' id='line_1_19' title="bbox 227 1976 1649 2038; baseline 0 -17"><span class='ocrx_word' id='word_1_148' title='bbox 227 1976 451 2022; x_wconf 87' lang='lat' dir='ltr'>neraliter</span> <span class='ocrx_word' id='word_1_149' title='bbox 486 1976 662 2038; x_wconf 88' lang='lat' dir='ltr'>pabulo</span> <span class='ocrx_word' id='word_1_150' title='bbox 699 1976 951 2023; x_wconf 88' lang='lat' dir='ltr'>invitatam</span> <span class='ocrx_word' id='word_1_151' title='bbox 989 1993 1092 2023; x_wconf 88' lang='lat' dir='ltr'>esse</span> <span class='ocrx_word' id='word_1_152' title='bbox 1128 1977 1245 2023; x_wconf 86' lang='lat' dir='ltr'>nihil</span> <span class='ocrx_word' id='word_1_153' title='bbox 1284 1977 1417 2023; x_wconf 90' lang='lat' dir='ltr'>dubii</span> <span class='ocrx_word' id='word_1_154' title='bbox 1456 1985 1542 2023; x_wconf 87' lang='lat' dir='ltr'>est.</span> <span class='ocrx_word' id='word_1_155' title='bbox 1582 2004 1649 2009; x_wconf 85' lang='lat'>--</span> 
     </span>
    </p>
   </div>
  </div>
 </body>
</html>
