1958 3308
1707 242 1725 279 5

73 392 231 438 antico
252 390 443 451 oblique
465 390 523 436 ad
544 389 833 436 auchenium
855 388 1102 435 adscendit
1128 394 1174 434 et
1195 393 1376 449 partem
1399 387 1506 432 colli
1534 386 1724 432 inferio-

72 501 190 540 rem,
204 490 251 531 et
267 484 506 546 praecipue
527 483 994 545 anticam,plumulis
1014 481 1236 528 brevibus
1254 480 1564 541 fusco-nigris
1580 480 1726 526 vesti-

70 586 169 626 tam
189 594 215 625 a
235 585 427 640 pectore
447 583 494 623 et
515 577 655 622 dorso
682 577 930 638 disjungit.
972 576 1228 637 Reliquum
1250 581 1404 621 totum
1427 589 1601 635 corpus
1621 574 1725 620 ubi-

73 688 164 734 que
182 672 384 718 obscure
400 670 607 725 fuscum,
628 686 712 716 seu
730 669 1099 731 fusco-nigrum,
1119 668 1333 730 exceptis
1352 667 1612 728 remigibus
1634 668 1726 728 pri-

71 766 234 812 mariis
260 765 391 812 atris.
463 764 595 810 Dum
621 764 723 811 avis
750 764 798 810 in
825 771 950 810 terra
975 763 1254 824 ingreditur,
1282 761 1448 808 caudae
1482 761 1724 817 rectrices,

71 875 275 921 quarum
302 858 580 913 duodecim,
621 873 711 903 usu
749 858 1030 918 plerumque
1056 856 1140 902 tali
1172 856 1312 901 modo
1339 855 1646 909 deteruntur,
1676 861 1726 900 ut

69 952 323 1000 rhachides
350 951 491 998 nudae
517 952 658 1013 longe
684 957 890 998 exstent.

203 1142 404 1190 Habitat
429 1142 479 1188 in
506 1141 847 1204 promontoriis
868 1140 1186 1188 Uralensibus
1212 1140 1502 1187 australibus
1528 1146 1574 1185 et
1599 1138 1725 1185 occi-

71 1236 358 1292 dentalibus,
380 1237 430 1282 in
455 1236 691 1283 montosis
717 1236 842 1282 inter
859 1235 1034 1281 fluvios
1057 1235 1330 1281 Sacmaram
1356 1241 1402 1280 et
1423 1233 1490 1288 Ic,
1514 1249 1602 1279 nec
1628 1248 1726 1279 non

71 1331 120 1376 in
157 1331 403 1377 montibus
441 1330 630 1377 silvosis
669 1328 1139 1391 Obtschei-Syrt
1177 1328 1449 1383 altioribus,
1489 1328 1570 1389 qui
1608 1326 1726 1388 jugo

71 1422 297 1471 Uralensi
313 1424 534 1487 proximi.
566 1423 807 1470 Nidificat
820 1423 870 1469 in
887 1423 1134 1470 altissimis
1152 1422 1418 1469 arboribus.
1452 1421 1725 1475 Femellam‚

72 1519 117 1564 in
146 1519 418 1580 plumarum
445 1519 712 1565 mutatione
738 1524 1041 1578 occupatam,
1065 1533 1091 1563 a
1116 1517 1229 1563 nido
1255 1516 1527 1563 evolantem
1554 1514 1728 1561 occidit

72 1611 251 1658 mensis
264 1611 372 1658 Iulii
389 1625 406 1657 1
419 1618 523 1675 5-to
536 1611 628 1663 die,
642 1627 768 1657 anno
787 1625 801 1657 1
818 1607 927 1675 836,
940 1610 1280 1664 nobilissimus,
1293 1608 1726 1656 excellentissimus

73 1705 134 1750 D.
163 1704 430 1766 Perovsky,
471 1704 731 1766 provinciae
767 1703 1155 1766 Orenburgensis
1192 1702 1451 1765 praefectus
1491 1702 1724 1750 militaris,

72 1799 246 1846 Postea
273 1799 471 1860 jubente
495 1799 743 1860 Perovsky
770 1798 1037 1860 compluria
1062 1797 1324 1852 individua,
1347 1797 1576 1843 cadavere
1603 1795 1726 1842 ines-

71 1901 191 1949 cata,
220 1894 379 1940 occisa
405 1901 535 1949 sunt,
565 1908 765 1955 quorum
794 1893 890 1939 duo
916 1892 1152 1954 possideo.

509 2307 785 2355 VULTUR
832 2308 1096 2355 FULVUS
1136 2309 1283 2355 Briss.

178 2487 330 2527 Brisson
364 2487 456 2526 Oru.
500 2489 532 2525 Ι.
572 2501 610 2538 p.
652 2487 742 2532 462.
778 2500 815 2524 n.
860 2498 893 2533 7.
918 2509 966 2514 —
988 2487 1193 2524 Naumann
1228 2485 1347 2536 Vogel
1384 2484 1581 2522 Deutschl.
1619 2485 1650 2521 Ι.
1688 2498 1725 2534 p.

77 2558 160 2595 162.
183 2578 235 2584 —

204 2721 260 2767 V.
334 2720 919 2784 ferrugineo-fuscescenS,
947 2718 1186 2774 sordidus,
1215 2718 1369 2780 capite
1396 2724 1442 2764 et
1469 2717 1592 2764 collo
1619 2717 1724 2778 plu-

337 2815 481 2861 mulis
500 2815 698 2861 minutis
716 2813 1013 2875 lanuginosis
1032 2812 1199 2859 albidis
1212 2813 1457 2874 aequaliter
1468 2811 1726 2866 vestitis,—

338 2909 502 2956 collari
530 2908 778 2955 dimidiato
812 2906 1051 2963 aucheuii,
1080 2907 1255 2968 plumis
1290 2906 1525 2967 elongatis
1560 2905 1726 2967 pilosis
