1958 3308
1647 220 1694 261 Ϊ3

38 375 198 415 autem
218 385 418 431 corpore
438 369 637 415 dimidio
659 369 856 424 minore,
879 374 1033 415 rostro
1055 367 1303 431 graciliore
1329 375 1375 415 et
1401 369 1578 429 remige
1600 369 1693 430 pri-

39 478 116 509 ma
140 463 418 510 tectricibus
445 464 599 509 multo
621 463 852 524 longiore.

170 652 251 699 DE
263 668 284 699 s
296 669 320 699 c
332 668 386 698 RI
402 667 546 698 PTIO.
597 652 826 698 Rostrum
842 651 1018 713 gracile
1035 658 1145 698 ante
1164 668 1302 698 nares
1318 668 1450 713 aeque
1467 653 1617 699 latum
1636 669 1690 699 ac

38 747 205 801 altum,
225 747 428 792 maxillae
447 746 593 792 fuscae
614 746 776 792 tomiis
799 746 1168 808 mandibulaque
1189 753 1289 792 tota
1305 746 1691 793 flavescentibus.

40 840 189 886 Pedes
214 840 425 902 plumbei
452 840 640 894 coloris,
670 856 754 886 seu
788 840 977 886 sordide
1008 841 1407 896 coerulescentes,
1436 841 1694 902 pallidi.—

41 934 197 996 Supra
217 934 408 980 avicula
427 950 451 979 e
474 934 629 994 griseo
650 933 798 987 fusca,
817 934 864 979 in
886 933 947 978 oli
957 949 1155 979 vaccum
1174 949 1390 995 vergenS,
1412 934 1694 981 immacula-

39 1035 105 1084 ta,
128 1028 295 1075 eodem
321 1028 496 1083 colore,
524 1043 619 1088 quo
647 1026 812 1089 Sylvia
837 1028 1080 1088 palustriS,
1107 1027 1342 1089 uropygio
1368 1028 1618 1089 paululum
1644 1029 1694 1074 in

39 1121 392 1183 ferruginosum
419 1129 662 1183 vergente,
682 1122 782 1167 lora
807 1127 855 1167 et
879 1121 1127 1167 oculorum
1157 1121 1337 1168 circulo
1358 1122 1548 1168 sordide
1574 1123 1690 1168 albi-

41 1216 113 1262 dis
134 1236 145 1272 3
164 1242 226 1252 --
244 1216 414 1262 subtus
440 1215 910 1276 ferrugineo-albida,
939 1215 1154 1276 ingluvie
1180 1222 1226 1261 et
1251 1216 1362 1276 gula
1389 1216 1524 1271 albis,
1547 1217 1691 1279 jugu-

41 1311 86 1356 lo
112 1317 157 1357 et
182 1316 377 1372 pectore
403 1310 555 1371 magis
592 1309 875 1371 ferrugineis
913 1316 995 1355 aut
1029 1310 1156 1355 rufis.
1175 1308 1433 1371 —Sylviae
1467 1311 1695 1372 palustris

41 1405 174 1451 color
199 1405 391 1465 gastraei
417 1405 464 1450 in
490 1405 674 1450 luteum
703 1403 880 1465 vergit3
910 1402 1084 1464 Sylviae
1111 1403 1241 1449 scitae
1266 1409 1521 1464 gastraeum
1548 1405 1694 1451 refes-

42 1497 415 1546 cit.—Alarum
448 1499 670 1544 tectrices
700 1497 948 1544 inferiores
978 1515 1002 1544 e
1033 1497 1303 1557 ferrugineo
1339 1499 1690 1546 luteo-albidae.

43 1593 269 1654 Remiges
289 1609 434 1654 supra
454 1591 610 1647 fuscae,
633 1593 847 1653 margine
867 1598 1064 1638 externo
1086 1591 1191 1637 rufo
1213 1592 1388 1647 dilut0;
1417 1593 1585 1639 subtus
1604 1595 1694 1656 gri-

44 1687 314 1743 seo-fuscae,
336 1687 544 1742 sericeae,
567 1687 782 1748 margine
807 1686 998 1734 interno
1023 1686 1121 1731 lato
1142 1701 1333 1740 earnm,
1357 1687 1552 1733 sericeo.
1604 1687 1695 1734 Re-

44 1797 153 1828 mex
180 1781 335 1843 prima
362 1779 457 1842 2ὲω
482 1781 671 1842 longior
696 1796 839 1843 quam
867 1780 1087 1826 tectrices
1109 1780 1409 1841 superiores3
1441 1796 1605 1827 remex
1627 1797 1695 1827 se-

44 1876 204 1922 cunda
229 1881 387 1936 aequat
413 1881 598 1921 sextam
625 1882 670 1921 et
700 1871 794 1935 2{'‘'
822 1874 1011 1920 brevior
1037 1881 1109 1919 est
1135 1889 1278 1935 quam
1306 1874 1463 1928 tertia,
1491 1891 1597 1936 quae
1623 1883 1694 1922 est

41 1968 334 2031 longissima.
364 1967 530 2014 Gauda
546 1968 817 2022 rotundata,
830 1983 974 2029 supra
991 1968 1226 2029 remigum
1243 1967 1401 2014 colore
1419 1967 1568 2024 fusco,
1587 1970 1694 2016 sub-

45 2069 123 2109 tus
143 2062 476 2124 griseo-fusca,
499 2062 693 2117 sericea,
716 2062 876 2108 fasciis
896 2078 980 2108 seu
1006 2062 1144 2108 lineis
1170 2062 1454 2108 transversis
1481 2063 1697 2124 pluribus

44 2160 84 2213 (1
95 2159 276 2218 0—14)
304 2156 662 2203 obscurioribus
688 2156 928 2202 obsoletis

176 2343 461 2390 Rivulorum
488 2344 621 2405 ripae,
641 2343 906 2389 arbusculis
933 2350 979 2390 et
1004 2343 1256 2391 fruticibus
1276 2345 1420 2391 variis
1446 2346 1629 2402 obsitae,
1648 2347 1697 2393 in

44 2437 227 2498 campis
244 2445 291 2483 et
307 2437 509 2483 collibus
526 2437 857 2499 promontoria
874 2436 1127 2484 Uralensia
1144 2439 1360 2500 proxime
1377 2439 1696 2487 limitantibus

44 2532 254 2593 hospitio
274 2531 523 2593 excipiunt
541 2531 666 2577 hanc
686 2531 921 2577 aviculam
942 2533 1272 2588 venusculam,
1291 2549 1397 2594 quae
1415 2532 1510 2578 fere
1527 2534 1692 2580 eadem

44 2626 149 2672 loca
163 2624 763 2672 fruticosahumidiuscula
781 2641 995 2672 unacum
1009 2625 1055 2672 S.
1070 2627 1269 2687 palustri
1286 2626 1557 2688 frequentat
1569 2648 1579 2683 ;
1603 2646 1696 2674 ma-

45 2719 173 2766 xime
198 2727 359 2766 autem
386 2727 514 2766 amat
535 2720 745 2781 virgulta
767 2720 1024 2766 humiliora
1047 2720 1222 2781 passim
1244 2719 1419 2782 plantis
1446 2721 1695 2768 altioribus

45 2812 337 2859 intermixtis
359 2812 416 2858 ad
437 2812 772 2860 fruticetorum
796 2813 1052 2874 margines,
1073 2814 1223 2874 pratis
1242 2813 1488 2860 limitatos.
1530 2814 1696 2861 Minus

48 2906 184 2966 agilis
202 2913 272 2953 est
291 2921 432 2967 quam
447 2907 639 2968 reliquae
650 2906 842 2968 Sylviae:
869 2923 891 2952 e
910 2906 1079 2953 frutice
1099 2907 1266 2954 abacta
1284 2907 1543 2954 directione
1561 2909 1618 2955 ad
1640 2910 1697 2955 ri-
