1958 3308
346 248 600 294 ADDENDA
641 265 703 294 An
743 248 985 294 PALLAsn
1027 248 1426 294 ZooGRAPfflAM.
1664 270 1710 309 15

415 417 692 464 ANTHUS
741 415 1111 463 PRATENSIS
1149 415 1357 463 BEcnst.

493 553 513 593 ?
535 548 786 595 Motacilla
814 549 1007 596 cervina
1031 548 1148 595 Pall.
1178 549 1451 611 Zoograph.
1480 566 1585 612 pag.
1616 565 1704 614 51¹

194 687 253 733 A.
327 702 472 747 supra
529 685 876 746 fusco-griseus
937 685 1236 747 nigro-fusco
1298 686 1540 743 lituratus,
1600 688 1711 734 sub-

324 786 402 826 tus
452 778 640 824 sordide
688 777 1189 840 ferrugineo-albidus
1237 780 1375 842 nigro
1420 781 1708 837 maculatUS‚

323 874 443 919 vitta
501 871 800 934 supraeiliari
859 878 1148 935 guttureque
1207 874 1450 930 cervinis,
1511 875 1711 922 rectrice

323 967 506 1013 extima
543 966 859 1027 diagonaliter
895 967 1017 1013 alba.

58 1115 258 1162 Habitat
306 1116 351 1161 in
403 1115 587 1176 campis
635 1116 999 1163 australioribus
1047 1118 1325 1178 provinciae
1367 1118 1708 1183 Orenburgen-

56 1211 136 1265 sis,
172 1211 220 1255 in
257 1209 408 1271 pratis
443 1208 748 1255 arundinosis
776 1209 918 1270 juxta
953 1210 1151 1258 rivulos.

55 1320 333 1380 Descriptio.
407 1319 637 1365 Rostrum
671 1320 846 1381 gracile
880 1327 1067 1368 rectum
1100 1322 1395 1379 subulatum,
1424 1325 1528 1371 basi
1560 1341 1709 1388 aeque

187 1415 338 1460 altum
377 1429 431 1460 ac
464 1414 617 1460 latum
639 1451 649 1468 ,
690 1415 886 1461 maxilla
918 1415 1068 1476 nigra,
1102 1432 1228 1478 pone
1262 1417 1447 1478 apicem
1481 1419 1707 1482 utrinque

186 1507 521 1568 emarginata3
572 1507 850 1554 mandibula
896 1509 1076 1570 pallida
1117 1511 1252 1572 apice
1296 1511 1446 1559 fusca.
1533 1513 1706 1576 Caput,

187 1601 364 1648 collum
446 1607 494 1647 et
575 1607 775 1648 truncus
859 1618 1005 1664 supra
1082 1603 1367 1651 indumento
1440 1606 1666 1654 alaudino
1695 1646 1705 1664 ‚

190 1697 269 1741 i.e.
298 1694 615 1756 fusco-grisea
641 1701 687 1741 et
710 1695 846 1742 fusco
871 1695 1088 1743 liturata:
1119 1698 1308 1759 singula
1333 1700 1551 1761 plumula
1576 1701 1708 1748 disco

184 1788 320 1835 fusca
368 1796 449 1835 aut
498 1788 649 1850 nigra,
702 1788 783 1850 qui
839 1789 971 1835 color
1024 1790 1289 1851 marginem
1345 1793 1493 1839 latum
1551 1794 1706 1841 fusce-

185 1882 608 1928 scenti-cinereum
642 1897 810 1928 versus
850 1883 1029 1929 sensim
1065 1883 1257 1931 ablutus
1298 1893 1385 1933 est.
1457 1886 1595 1935 Vitta
1628 1904 1705 1935 su-

184 1976 446 2036 praciliaiis
484 1982 530 2021 et
564 1982 732 2037 guttur
766 1991 877 2022 curn
917 1977 1131 2038 ingluvie
1168 1980 1350 2026 cervini
1385 1982 1574 2037 coloris,
1603 1982 1706 2029 sine

184 2069 384 2115 maculis
427 2077 472 2115 et
516 2068 703 2125 lituris;
746 2069 975 2131 jugulum
1019 2087 1185 2118 versus
1230 2073 1361 2120 color
1402 2074 1481 2121 hic
1523 2077 1702 2123 sensim

188 2162 404 2224 pallescit
445 2169 492 2208 et
533 2162 583 2207 in
623 2162 832 2208 colorem
876 2162 1148 2210 abdominis
1190 2165 1364 2227 pallide
1407 2167 1702 2229 ferrugineo-

182 2256 395 2302 albidum
452 2255 664 2309 transit;
726 2255 955 2317 jugulum
1011 2263 1180 2318 pectus
1236 2266 1283 2306 et
1338 2259 1702 2322 hypochondria

181 2349 381 2395 maculis
453 2348 752 2409 guttulisque
822 2349 1042 2411 oblongis
1113 2351 1262 2413 nigris
1331 2353 1478 2400 varia.
1580 2355 1702 2402 Alae

182 2443 368 2496 breves,
434 2441 615 2488 caudae
680 2441 933 2488 dimidium
986 2444 1295 2506 attingentes,
1359 2447 1698 2508 nigro-fuscae.

180 2534 495 2595 Parapterum
545 2550 628 2580 seu
675 2550 861 2595 pennae
910 2537 1184 2597 scapulares
1242 2544 1314 2584 sat
1361 2539 1532 2600 longae
1561 2577 1571 2595 ,
1627 2542 1702 2588 ala

178 2629 321 2688 paulo
391 2627 648 2682 breviores,
720 2628 816 2674 late
887 2628 1047 2675 albido
1118 2631 1429 2691 marginatae.
1515 2633 1699 2681 Remex

179 2722 363 2783 primus
406 2721 639 2777 minutus,
681 2721 761 2767 vix
804 2722 1114 2783 conspicuus3
1156 2725 1397 2772 secundus
1440 2727 1611 2774 tertius
1651 2736 1699 2775 et

178 2821 378 2875 quartus
421 2829 571 2875 aeque
610 2814 758 2875 longi,
804 2814 1003 2876 quintus
1044 2816 1191 2877 paulo
1239 2817 1444 2866 brevior.
1515 2820 1698 2868 Tectri-

177 2923 254 2952 ces
297 2907 566 2968 superiores
610 2905 793 2953 alarum
844 2908 939 2953 late
983 2908 1090 2954 albo
1134 2911 1445 2971 marginatae.
1533 2914 1698 2961 Gauda

1352 3018 1377 3050 2
