1958 3308
310 229 565 276 ADDENDA
605 244 667 274 AD
707 228 950 274 PALLASII
992 226 1390 272 ZOOGRAPHIAM.
1625 245 1677 286 29

407 393 801 440 PELECANUS
857 391 1116 438 ROSEUS
1157 391 1287 437 mihi.

227 581 274 626 P.
349 582 499 627 dilute
543 596 738 634 roseus,
782 579 1043 640 remigibus
1086 579 1275 640 nigris3
1326 578 1502 639 angulo
1551 577 1677 623 fron-

354 676 435 720 tali
480 675 769 735 (plumoso)
809 677 1029 720 exserto!

162 876 239 922 Sic:
283 875 594 922 denominare
639 874 781 920 velim
828 873 1148 929 Peleoanum,
1197 890 1341 935 quem
1385 890 1511 919 anno
1559 876 1684 937 1829

32 985 196 1016 mense
238 970 394 1031 Aprili
438 970 488 1015 in
530 968 754 1014 inferiore
795 967 933 1013 Jaico
976 967 1132 1012 fluvio
1178 969 1463 1028 migrantem
1513 967 1683 1022 occidi,

31 1071 76 1110 et
114 1063 195 1126 qni
232 1065 376 1125 longe
413 1063 580 1109 differt
616 1079 642 1109 a
678 1062 914 1108 Pelecano
953 1062 1138 1123 vulgari
1174 1077 1255 1107 seu
1293 1061 1603 1107 Onocrotalo.

166 1252 456 1298 Peleeanum
484 1287 495 1307 ‚
544 1252 782 1298 immenso
832 1267 1032 1298 numero
1081 1252 1306 1314 paludem
1352 1251 1684 1307 Maeoffidem,

34 1362 164 1393 mare
213 1345 446 1407 Caspium
496 1352 542 1391 et
589 1347 721 1392 lacus
771 1362 974 1407 magnae
1020 1346 1242 1392 Tatariae
1298 1346 1683 1401 inhabitantem,

35 1456 184 1486 unum
233 1455 343 1485 cum
392 1440 473 1485 illo
522 1454 659 1495 esse,
709 1439 791 1500 qui
846 1440 999 1485 rarius
1047 1439 1097 1484 in
1157 1438 1440 1501 Hungaria,
1490 1440 1688 1486 Austria

32 1541 79 1581 et
115 1540 273 1581 cetera
309 1533 504 1595 Europa
540 1533 799 1587 invenitur,
836 1540 882 1579 et
916 1533 997 1594 qui
1032 1534 1200 1579 avibus
1233 1533 1499 1595 Europaeis
1536 1534 1686 1580 adnu-

36 1636 278 1683 meratur,
318 1627 439 1673 nihil
475 1626 609 1673 dubii
646 1633 733 1673 est.
807 1626 1163 1673 Celeberrimus
1201 1626 1354 1674 Pallas
1391 1628 1516 1674 hanc
1553 1644 1691 1674 avem

37 1721 137 1783 (ex
207 1719 604 1781 consuetudine)
674 1720 854 1781 optime
932 1721 1185 1782 descripsit
1262 1723 1310 1767 in
1387 1722 1693 1783 Zoographia

35 1815 435 1870 rosso-asiatica3
508 1815 546 1860 si
596 1820 758 1860 autem
817 1815 963 1861 ceteri
1015 1815 1399 1877 Ornithographi
1466 1815 1692 1877 europaei

39 1908 389 1955 Onocrotalurn
443 1923 739 1969 europaeum
781 1908 830 1954 in
874 1915 1029 1955 aetate
1077 1916 1307 1971 provecta
1349 1926 1539 1956 roseum
1589 1925 1693 1956 esse

0 1984 278 2057 'dixerint‚
325 2002 427 2047 sine
472 2002 618 2048 dubio
668 2018 806 2048 avem
852 2018 909 2048 ex
953 2003 1119 2049 Africa
1169 2011 1252 2050 aut
1296 2003 1433 2050 India
1474 2004 1694 2050 orientali

45 2095 238 2141 allatam
281 2101 580 2156 piaesentem
626 2094 913 2150 habuerunt,
959 2111 1094 2165 quae
1122 2095 1322 2143 forsitan
1373 2097 1541 2143 eadam
1584 2113 1694 2143 cum

46 2205 152 2235 meo
201 2188 435 2235 Pelecano
488 2204 625 2234 roseo
680 2189 756 2234 sit.
796 2215 860 2222 ——
898 2188 1159 2236 Pelecanus
1209 2189 1560 2245 Onoorotalus‚
1615 2190 1695 2251 qui

46 2298 176 2328 mare
237 2282 467 2344 Caspium
529 2290 576 2328 et
637 2282 826 2343 nigrum
892 2283 1162 2338 inhabitat,
1224 2300 1503 2346 nunquam,
1564 2284 1696 2330 nullo

43 2381 258 2437 tempore
301 2382 348 2422 et
387 2376 518 2421 nulla
562 2382 717 2421 aetate
757 2391 920 2422 roseus
961 2377 1179 2433 videtur,
1225 2394 1515 2439 quamquam
1554 2378 1696 2423 innu-

44 2469 262 2515 merabili
304 2469 443 2530 eopia
486 2468 689 2514 niarium
735 2469 896 2515 littora
943 2470 1176 2531 paludosa
1217 2470 1522 2532 frequentat3
1567 2471 1698 2517 color

42 2561 144 2622 ejus
193 2578 381 2624 semper
429 2563 538 2623 plus
588 2562 809 2608 minusve
857 2563 1041 2624 griseus
1085 2565 1158 2610 vel
1208 2564 1394 2610 albidus
1449 2570 1551 2610 est:
1603 2580 1697 2626 quo

37 2656 228 2716 junior,
269 2672 324 2701 eo
363 2656 513 2717 magis
554 2656 768 2715 griseus3
809 2672 902 2717 quo
941 2657 1179 2711 adultior,
1219 2674 1274 2704 eo
1312 2658 1527 2704 albidior.

180 2820 442 2866 Pelecanus
500 2836 697 2876 roseus,
752 2821 810 2866 de
865 2837 958 2882 quo
1018 2822 1240 2877 tradam,
1298 2830 1344 2869 et
1393 2824 1472 2884 qui
1524 2825 1698 2870 verosi-

49 2913 158 2959 mile
232 2914 357 2960 idem
431 2930 540 2960 eum
606 2913 901 2961 Onocrotalo
973 2915 1137 2961 adulto
1209 2932 1344 2962 roseo
1415 2924 1697 2974 auctorum,

1412 3026 1437 3075 3
