1958 3308
237 234 286 270 14

243 384 409 429 vulum
438 400 534 430 nou
555 383 694 446 longe
717 386 888 440 avolat,
912 387 960 432 in
983 385 1074 432 alio
1102 386 1274 433 frutice
1295 386 1456 433 locum
1479 388 1604 448 capit
1633 394 1677 434 et
1698 386 1907 449 plerum-

243 493 335 539 que
355 478 403 524 in
425 477 529 525 loco
550 484 692 540 capto
714 478 905 540 aliquod
927 486 1117 541 tempus
1139 487 1371 535 remanet,
1392 481 1457 527 ita
1476 488 1528 527 ut
1545 479 1696 528 facilis
1718 481 1905 542 dejectu

245 573 320 619 sit.
363 571 511 619 Paulo
532 573 732 629 tardius,
754 580 803 619 ut
826 573 1027 630 videtur,
1050 590 1135 620 nos
1157 573 1405 636 relinquit,
1425 591 1568 636 quam
1591 576 1785 637 reiiquae
1804 575 1906 637 Syl-

243 668 354 714 viae:
385 668 480 714 abit
506 668 593 714 sub
621 668 766 715 finem
792 668 1005 729 Augusti
1029 676 1075 715 et
1101 668 1239 715 initio
1268 667 1579 731 Septembris.

371 893 692 940 Mensurae:

239 1090 514 1152 Longitudo
541 1089 690 1136 totius
717 1089 818 1134 avis
853 1104 879 1134 a
912 1088 1053 1134 rostri
1089 1088 1223 1148 apice
1258 1087 1317 1133 ad
1343 1087 1509 1134 caudae
1535 1087 1722 1149 apicem
1751 1103 1900 1150 usque

869 1180 922 1245 4''
953 1181 1012 1227 8'''
1039 1182 1261 1229 Parisior:

540 1279 706 1326 caudae
737 1275 784 1325 1''
818 1277 909 1325 11''‘

540 1374 656 1420 tarsi
687 1371 780 1434 8{'‘'

536 1467 672 1529 digiti
699 1468 845 1514 medii
871 1484 983 1515 cum
1009 1484 1172 1530 ungue
1201 1465 1314 1532 5·ξῆ

531 1561 754 1609 culminis
782 1562 920 1608 rostri
945 1560 1028 1624 4'''.

231 1657 459 1705 Latitudo
485 1667 532 1705 et
559 1657 764 1704 altitudo
791 1657 933 1704 rostri
960 1665 1070 1704 ante
1098 1674 1236 1704 nares
1269 1655 1373 1720 lssm.

230 1751 398 1800 Gauda
424 1753 510 1801 alis
538 1752 840 1814 complicatis
866 1751 1054 1814 longior
1085 1750 1149 1801 1''.

661 2195 906 2242 SYLVIA
944 2194 1265 2242 ICTERINA
1302 2195 1461 2242 Vieill.

335 2383 488 2422 Vieillot
518 2383 643 2421 Nouv.
668 2383 770 2422 Dict.
795 2383 926 2422 d'hist.
950 2390 1027 2421 nat.
1049 2383 1123 2421 XI.
1146 2397 1182 2434 p.
1212 2396 1297 2432 194.
1330 2405 1372 2410 —
1393 2382 1572 2421 Ficedula
1595 2381 1750 2421 icterina
1772 2383 1890 2434 Keys.

229 2467 267 2490 u.
291 2452 392 2491 Blas.
415 2452 619 2490 Wirbelth.
643 2452 785 2504 Europ.
807 2467 841 2503 p.
869 2463 954 2501 105.
977 2466 1014 2490 n.
1041 2454 1129 2489 218.
1153 2477 1199 2482 —

363 2638 409 2683 S.
483 2652 629 2699 supra
667 2637 897 2694 olivacea,
934 2638 1058 2684 vitta
1096 2638 1395 2700 superciliari
1433 2638 1890 2695 flavida‚—subtus

494 2731 924 2787 flavescenti-alba,
953 2732 1233 2779 tectricibus
1262 2733 1446 2779 alarum
1478 2733 1784 2780 inferioribus
1809 2733 1889 2781 fla·-

496 2825 568 2871 vis
589 2826 872 2888 ;—remige
906 2826 1060 2887 prima
1097 2826 1377 2873 tectricibus
1416 2826 1648 2889 longiore,
1677 2827 1889 2875 secunda

496 2919 714 2978 quintam
743 2919 1054 2981 subaequante
1076 2920 1361 2982 ;—pedibus
1389 2920 1551 2966 fuscis.
