1958 3308
1666 205 1712 244 Ι5

190 348 391 395 Habitat
418 351 535 406 avis,
559 368 678 413 quae
705 368 730 397 a
757 353 1063 400 venatoribus
1090 354 1275 400 altaicis
1301 354 1441 400 tetrix
1467 354 1711 400 chimensis

57 442 264 496 auditur,
294 443 341 488 in
376 445 576 490 summis
604 446 789 506 alpibus
823 448 948 494 circa
971 447 1106 494 fluvii
1130 447 1371 508 Tschujae
1403 447 1559 493 fontes
1590 452 1636 493 et
1661 446 1710 492 in

57 536 293 596 adjacenti
320 538 557 585 territorio
585 540 820 587 chinensi.

364 936 817 984 ,S'YRRHAPTES
850 936 1267 986 PARADOXUS
1307 939 1387 987 Ill,

572 1092 744 1139 Tetrao
759 1093 1016 1155 paradoxa
1052 1093 1184 1140 Pau.

180 1265 302 1312 Cum
312 1265 786 1327 feminaeetjuvenes
796 1267 942 1313 mirae
953 1266 1096 1328 hujus
1108 1267 1533 1327 avisornithologis
1544 1266 1700 1314 adhuc

45 1361 241 1416 lateant,
269 1376 357 1422 ego
383 1366 544 1407 autem
571 1359 837 1422 compluria
863 1360 1143 1422 specimina,
1171 1367 1218 1407 et
1245 1377 1398 1407 mares
1425 1367 1472 1406 et
1497 1360 1699 1406 feminas

44 1463 91 1501 et
110 1453 331 1515 juvenes,
359 1453 648 1516 possideam,
671 1470 838 1500 eorum
865 1454 1181 1500 differentiam
1208 1455 1433 1501 exhibere
1459 1453 1629 1501 ausim.

176 1609 337 1655 Mares
355 1608 504 1655 adulti
521 1608 1120 1671 optimeconveniuntcum
1133 1608 1456 1670 descriptione
1473 1609 1692 1655 celeberr.

42 1702 247 1757 Pallasii,
270 1703 319 1748 in
347 1701 651 1763 Zoographia
670 1701 1028 1748 rosso-asiatica
1053 1702 1164 1748 data
1185 1722 1194 1757 ;
1234 1702 1511 1764 diligentius
1533 1710 1694 1749 autem

40 1797 186 1843 celeb.
215 1796 548 1843 Lichtenstein
575 1812 656 1841 eos
682 1795 937 1857 descripsit
964 1796 1012 1840 in
1033 1795 1376 1843 Eversmann's
1402 1797 1543 1843 Reise
1570 1798 1692 1843 nach

40 1890 276 1938 Buchara.
304 1890 379 1936 cui
407 1889 717 1950 descriptioni
744 1888 864 1935 nihil
890 1889 1162 1936 addendum
1192 1890 1397 1937 videtur.

171 2041 369 2087 Femina
395 2041 554 2086 minus
580 2040 727 2086 distat
754 2056 779 2086 a
806 2055 935 2086 mare
960 2056 1103 2101 quam
1131 2040 1180 2087 in
1204 2041 1369 2087 multis
1402 2041 1506 2087 aliis
1533 2041 1693 2088 avium

37 2135 301 2196 speciebus,
330 2135 527 2195 ejusque
553 2134 824 2195 plumarum
854 2134 1038 2179 colores
1067 2140 1140 2180 sat
1165 2134 1407 2195 elegantes
1433 2142 1547 2181 sunt
1570 2155 1580 2190 ;
1619 2151 1689 2190 ea,

37 2245 184 2290 aeque
205 2245 258 2274 ac
278 2243 393 2283 inas,
413 2228 588 2289 gaudet
609 2227 778 2288 pennis
795 2227 976 2273 caudae
995 2227 1180 2274 duabus
1198 2228 1495 2289 longioribus
1515 2230 1690 2275 acutis-

36 2323 184 2378 simis,
207 2338 327 2383 quae
353 2322 519 2367 eadem
540 2321 857 2382 longitudine,
881 2337 974 2382 qna
1000 2321 1046 2366 in
1075 2337 1222 2376 mare,
1246 2322 1510 2383 eodemque
1531 2323 1690 2369 colore

36 2423 170 2460 sunt:
200 2415 300 2460 basi
322 2415 554 2468 cinereae,
575 2414 707 2475 apice
726 2414 903 2475 nigrae.
955 2414 1078 2460 Sunt
1101 2424 1260 2462 autem
1282 2416 1420 2476 plura
1439 2421 1568 2471 nota,
1590 2417 1691 2477 qui·

34 2509 121 2556 bus
138 2509 315 2554 femina
334 2508 505 2554 differt.
554 2507 713 2568 Caput
734 2514 780 2553 et
797 2508 976 2564 cervix,
996 2524 1117 2569 quae
1138 2509 1186 2554 in
1213 2524 1338 2555 mare
1359 2509 1684 2564 immaculata,

31 2602 77 2646 in
106 2602 283 2647 femina
305 2602 702 2662 nigroamaculata
728 2609 857 2657 sunt,
876 2609 922 2647 et
943 2617 998 2647 ea
1026 2602 1282 2647 maculatio
1309 2602 1489 2648 sensim
1516 2602 1564 2648 in
1586 2618 1684 2649 ma-

30 2696 321 2742 culationem
349 2695 478 2741 dorsi
504 2695 674 2741 transit
695 2695 1042 2756 3--plumulae
1069 2694 1197 2740 dorsi
1224 2695 1400 2756 pariter
1429 2696 1684 2757 nigro-fas-

29 2789 180 2835 ciatae
207 2797 335 2844 sunt,
356 2805 408 2835 ac
435 2789 482 2834 in
512 2805 659 2844 mare,
681 2788 856 2834 fasciae
882 2794 1037 2834 autem
1067 2794 1180 2834 sunt
1207 2790 1505 2851 angustiores
1526 2796 1573 2836 et
1599 2806 1682 2837 an-

29 2884 216 2941 gulatae
253 2883 317 2938 (in
358 2898 481 2928 mare
521 2881 952 2943 1·ectae);--gula,
993 2882 1201 2944 sinciput
1240 2889 1283 2929 et
1323 2883 1471 2930 latera
1509 2883 1679 2945 capitis
