1958 3308
205 238 255 266 10
483 218 741 266 ADDENDA
782 234 846 266 AD
886 218 1130 265 PALLAsn
1171 217 1569 266 LoooaAPmAM.

196 382 465 430 latitudinis
514 383 717 445 gradum
753 384 836 430 vix
873 384 1143 447 reperitur3
1196 385 1368 431 alauda
1403 385 1620 431 arvensis
1658 401 1682 431 e
1719 391 1853 431 cont·

197 477 321 524 rario
358 478 500 539 longe
536 479 915 540 septentrionem
956 495 1124 526 versus
1161 479 1414 542 demigrat.

327 659 408 705 An
446 658 566 706 haec
604 659 707 706 avis
746 675 859 706 vera
898 659 1072 706 alauda
1109 658 1491 720 brachydactyla
1530 657 1730 704 Leisleri
1771 656 1851 714 sit,

198 759 330 800 certo
356 753 590 800 affirmare
620 754 804 810 nolim;
866 754 1039 800 saltem
1077 759 1239 800 tamen
1276 753 1345 799 illi
1382 752 1645 799 simillima.
1719 750 1856 798 Cele-

198 847 462 893 berrimum
502 846 762 893 Pallasium
805 846 930 893 hanc
969 846 1223 893 confusam
1266 846 1493 892 habuisse
1533 862 1642 892 cum
1685 845 1857 892 alauda

198 940 404 996 arvensi,
445 940 523 986 cui
566 941 723 986 colore
767 940 1027 996 simillima,
1071 940 1192 986 nihil
1233 939 1365 986 dubii
1405 946 1478 986 est
1516 955 1629 986 cum
1669 946 1857 985 turmae

196 1050 362 1080 earum
410 1049 694 1081 numerosae
742 1035 896 1081 oculis
945 1034 1247 1081 scrutatoriis
1309 1033 1527 1096 effugere
1587 1033 1716 1079 haud
1775 1049 1857 1094 po-

201 1128 422 1175 tuissent.

334 1297 391 1344 In
450 1297 774 1359 descriptione
833 1297 1020 1344 itineris
1080 1297 1222 1344 variis
1283 1298 1333 1343 in
1394 1297 1513 1345 locis
1575 1298 1857 1361 provinciae

201 1390 590 1453 Orenburgensis
647 1397 695 1438 et
749 1392 1158 1439 Astrachanensis
1217 1407 1244 1438 a
1297 1407 1374 1438 me
1428 1391 1561 1448 facti,
1623 1392 1860 1454 impressa

203 1486 253 1532 in
307 1485 549 1542 „Journal
598 1485 683 1533 der
742 1491 948 1533 neusten
995 1485 1274 1532 Land-und
1333 1485 1599 1543 Seereisen,
1661 1486 1861 1549 redigirt

201 1596 298 1626 von
338 1579 425 1626 Dr.
466 1579 814 1642 Friedenburg,
855 1580 1108 1642 Jahrgang
1152 1583 1293 1643 1831.
1338 1596 1448 1643 pag.
1490 1578 1627 1644 65.“‚
1670 1581 1728 1627 de
1767 1580 1858 1627 hac

197 1674 370 1720 alauda
399 1674 501 1735 jam
538 1675 835 1721 mentionem
871 1674 979 1731 feci,
1019 1681 1066 1721 et
1102 1675 1222 1721 falso
1260 1691 1347 1736 pro
1385 1675 1558 1721 alauda
1597 1675 1858 1737 pispoletta

197 1769 313 1815 Pall.
364 1769 540 1831 Zoogr.
602 1769 763 1825 habui,
822 1769 951 1831 quod
1001 1768 1074 1815 his
1124 1770 1362 1831 corrigere
1410 1769 1571 1815 velim.
1666 1769 1858 1815 Alauda

196 1863 456 1925 pispoletta
490 1862 607 1909 Pall.
646 1869 735 1919 est,
764 1863 867 1909 sine
894 1862 1056 1919 dubio,
1085 1862 1281 1909 Anthus
1308 1863 1560 1924 aquaticus
1589 1863 1782 1910 Bechst.

204 2043 478 2104 Descriptio.
573 2042 805 2089 Rostrum
852 2057 1071 2089 crassum
1120 2042 1282 2097 breve,
1333 2041 1383 2087 in
1434 2042 1545 2088 viva
1592 2043 1854 2097 lutescens,

333 2137 476 2184 dorso
530 2142 578 2183 et
631 2136 818 2198 apicem
873 2152 1041 2182 versus
1102 2135 1412 2192 infuscatum,
1478 2142 1589 2197 post
1650 2142 1857 2182 mortem

331 2231 612 2294 plumbeum
654 2231 788 2292 apice
829 2229 1144 2277 infuscatum.
1218 2229 1376 2291 Supra
1415 2235 1517 2276 tota
1558 2230 1660 2276 avis
1703 2230 1858 2292 grisea

333 2326 468 2372 fusco
492 2326 720 2380 liturata3
759 2324 930 2371 liturae
969 2331 1130 2371 autem
1174 2325 1329 2371 multo
1369 2324 1582 2371 minores
1623 2339 1769 2385 quam
1808 2324 1857 2369 in

338 2419 511 2466 alauda
559 2419 766 2474 arvensi,
810 2418 939 2464 unde
988 2418 1121 2464 color
1163 2418 1315 2478 magis
1359 2418 1560 2479 griseus.
1638 2415 1858 2463 Crissum

336 2531 363 2561 a
387 2521 523 2575 tergo
549 2513 678 2560 haud
704 2512 885 2559 differt.
958 2511 1141 2559 Subtus
1173 2513 1275 2558 avis
1307 2512 1497 2558 sordide
1524 2511 1631 2557 alba
1654 2531 1666 2566 ;
1705 2510 1858 2572 hypo-

335 2608 569 2655 chondria
600 2607 686 2653 vix
723 2605 1025 2667 ferruginosa
1064 2606 1243 2652 striolis
1279 2604 1509 2652 obsoletis
1544 2603 1857 2650 fusco-ferru-

337 2702 553 2763 ginosis;
591 2707 759 2763 guttur
787 2701 964 2762 ubique
1004 2699 1183 2746 striolis
1224 2714 1308 2745 seu
1348 2698 1551 2745 maculis
1590 2698 1744 2744 acutis
1785 2698 1858 2744 ni-

340 2797 476 2857 gris3
525 2797 637 2857 gula
675 2802 722 2842 et
760 2795 1000 2856 ingluvies
1039 2809 1190 2855 aeque
1229 2809 1284 2840 ac
1323 2799 1494 2855 pectus
1533 2798 1580 2838 et
1620 2792 1859 2838 abdomen

335 2891 658 2937 immaculata.
743 2889 947 2936 Tractus
989 2887 1312 2950 supraciliaris
1353 2886 1557 2933 albidus.
1646 2887 1764 2932 Alae
1804 2893 1852 2932 et
