1958 3308
173 344 446 406 Longitudo
471 345 652 392 caudae
678 361 786 392 cum
815 346 922 407 pilis
949 353 1170 407 sumptae
1224 380 1439 392 .....
1481 344 1531 391 (δ”
1568 374 1632 379 —-

476 440 559 501 pili
584 439 786 485 caudam
813 440 1053 486 excedunt
1128 476 1439 486 .......
1487 438 1533 485 1'‘
1570 437 1629 500 7'‘'

475 533 649 595 unguis
675 533 812 594 digiti
838 533 981 579 medii
1009 534 1276 579 maniculae
1316 567 1528 578 .....
1570 530 1633 596 5'''

475 653 541 659 —
580 653 646 659 —-
686 653 751 659 —-
792 654 856 659 ——-
897 654 963 660 ·—-
1010 627 1193 689 podarii
1262 663 1528 673 ......
1570 624 1666 691 3ὲψ

211 802 527 849 Inveniuntur
553 803 841 864 exemplaria
867 802 1045 863 majora
1071 810 1117 849 et
1144 804 1344 849 minora.

396 1206 399 1207 ⁷
477 1189 892 1236 GEORYOHUS
933 1190 1208 1236 LUTEUS
1245 1191 1327 1235 Ev.

208 1355 566 1402 Animalculum
606 1357 709 1413 hoc,
742 1357 870 1418 quod
897 1358 945 1402 in
973 1356 1186 1403 Bulletin
1217 1357 1300 1403 des
1327 1355 1651 1403 Naturalistes
1676 1357 1733 1403 de

75 1448 280 1496 Moscou
304 1463 322 1496 1
337 1452 430 1511 840
449 1449 515 1496 Νο
532 1450 568 1496 Ι.
588 1466 694 1512 pag.
717 1463 777 1514 25
800 1451 1217 1512 descripsi,patria
1233 1450 1409 1512 gandet
1428 1458 1501 1497 sat
1517 1457 1734 1506 extensa,

77 1558 184 1588 nam
224 1543 498 1606 nuperrime
534 1544 796 1606 exemplar,
823 1544 950 1590 circa
975 1544 1133 1590 lacum
1159 1543 1492 1591 Noor-Saisau
1519 1551 1733 1606 captum,

73 1637 250 1698 accepi,
277 1637 405 1699 quod
433 1653 527 1682 non
553 1637 711 1684 differt
737 1637 829 1684 nisi
855 1638 1015 1684 colore
1042 1638 1222 1683 viliore.

410 1832 558 1878 HYP
573 1833 752 1879 UDAE
768 1833 850 1878 US
898 1833 1169 1880 OBSOUR
1186 1833 1270 1879 US
1307 1834 1394 1878 Ev.

141 1998 206 2044 H.
261 1998 416 2060 Supra
434 1998 854 2061 fusco-nigricans,
873 2000 1043 2046 subtus
1061 1999 1268 2054 albidus,
1289 1999 1517 2046 auriculis
1537 1999 1734 2045 vollosis

277 2093 357 2138 vix
384 2093 557 2139 vellere
584 2094 889 2154 prominulis,
919 2093 1072 2140 cauda
1096 2090 1129 2151 ὲ
1154 2093 1384 2154 corporis.

211 2254 404 2316 Species
430 2255 565 2310 haec,
588 2272 710 2317 quae
738 2263 926 2302 montes
948 2255 1146 2302 altaicos
1172 2255 1357 2310 incolit,
1380 2253 1644 2300 subsimilis
1664 2261 1735 2300 est

74 2347 137 2394 H.
164 2363 429 2395 oeconomo
462 2355 507 2395 et
535 2348 597 2395 H.
626 2349 791 2403 arvali,
821 2349 978 2397 differt
1016 2356 1179 2396 antem
1206 2350 1265 2396 ab
1292 2347 1528 2396 ambobus
1557 2348 1734 2395 vellere

78 2448 230 2489 mutto
257 2442 471 2489 breviore
497 2449 543 2488 et
569 2443 794 2489 auriculis
820 2442 966 2490 dense
992 2443 1171 2505 pilosis.

79 2603 355 2664 Descriptio.
426 2603 609 2650 Dentes
649 2605 883 2666 primores
927 2605 1195 2666 superiores
1237 2611 1284 2650 et
1320 2603 1569 2651 inferiores
1603 2603 1736 2650 fulvi.

210 2695 400 2758 Corpus
420 2713 566 2760 supra
589 2699 831 2759 nigricans
852 2699 961 2760 pilis
979 2698 1113 2760 apice
1131 2697 1320 2745 sordide
1337 2697 1545 2753 luteolis,
1565 2698 1739 2759 quibus

216 2797 376 2838 autern
403 2792 534 2838 color
559 2792 694 2853 niger
719 2808 815 2839 non
846 2792 1088 2853 obtegitur
1110 2791 1380 2848 ;—subtus
1406 2791 1581 2838 vellere
1615 2807 1738 2847 raro,

221 2884 396 2939 albido,
420 2885 534 2946 pilis
561 2884 691 2940 albis,
719 2886 821 2932 basi
860 2886 1223 2947 nigricantibus,
1253 2901 1347 2947 quo
1373 2885 1504 2932 color
1529 2885 1742 2931 coerule-
